3209 5434
1740 506 1869 575 154

766 666 833 715 Ex
874 667 1006 714 icone
1050 680 1123 726 ap.
1155 666 1314 727 Κορρ,
1357 665 1563 725 Palaegr.
1583 666 1729 713 critic.
1746 666 1783 725 1,
1812 666 1920 714 387.
1980 665 2190 725 Sigillum
2222 664 2441 712 avulsum.
2488 665 2539 711 In
2570 665 2704 725 signo
2738 678 2916 723 recogn.

857 748 994 793 notae
1026 746 1319 801 Tironiana,
1367 758 1481 805 quas
1513 746 1663 806 Kopp·
1677 746 1709 791 1.
1740 760 1781 791 c.
1807 746 2154 805 interpretatur:
2197 744 2441 804 Dumdus
2473 744 2695 791 diaconus
2728 744 2917 791 invicem

857 824 1121 872 Helisscaar
1143 824 1386 883 recognovi
1417 826 1464 871 et
1496 824 1764 884 subscripsi.
1810 822 1997 871 Edider.
2018 824 2315 889 Grandidier,
2350 824 2469 870 nist.
2490 822 2633 870 d’Als.
2648 824 2693 869 11
2726 837 2917 883 preuves

857 918 904 953 n.
937 904 1042 952 165.
1096 904 1356 964 Schopflin,
1397 904 1542 951 Alsat.
1570 904 1687 961 uipl.
1719 904 1768 960 1,
1799 905 1861 951 65
1902 917 2003 949 cum
2034 904 2181 950 icone.
2240 902 2388 951 Gallis
2418 902 2669 951 christiana
2688 902 2749 959 V,
2786 903 2919 950 intr.

858 984 952 1033 462
981 997 1029 1032 n.
1051 985 1096 1031 2.
1134 1007 1180 1017 -
1219 982 1434 1041 Boluner,
1463 982 1576 1041 Bag.
1596 981 1704 1031 Kar.
1726 982 1833 1031 285.
1881 982 2035 1031 Sickel
2063 982 2115 1031 L.
2140 982 2217 1031 95.

675 1322 800 1397 98.
881 1314 1293 1393 Ludovicus
1331 1312 1805 1391 Germanicus
1832 1312 2259 1390 Nithardum
2294 1312 2629 1389 abbatem
2660 1338 2914 1391 mona-

885 1442 1086 1518 sterii
1149 1439 1480 1517 Medema
1562 1445 1636 1515 et
1700 1440 2096 1516 monachos
2164 1442 2321 1536 ejus
2391 1438 2523 1514 sub
2604 1438 2913 1516 mundo-

878 1565 1111 1643 burdo
1161 1588 1292 1643 suo
1335 1564 1726 1642 constituit.
1790 1568 1968 1657 837,
2003 1564 2050 1640 J
2053 1587 2165 1640 an.
2203 1568 2272 1640 6.
2328 1562 2875 1661 Reganesburg.

813 1728 922 1809 'In
977 1744 1232 1809 nomine
1289 1749 1551 1809 sanctae
1596 1749 1661 1809 et
1704 1742 2069 1809 individuae
2112 1729 2427 1808 trinitatis.
2497 1740 2911 1809 Hludowicus

668 1850 888 1917 divina
937 1849 1188 1917 favente
1243 1851 1450 1934 gratia
1501 1870 1632 1916 rex.
1704 1851 1906 1916 Decet
1949 1850 2189 1933 regiam
2233 1847 2605 1932 dignitatem
2648 1848 2913 1934 praede-

667 1977 990 2023 cessorum
1049 1977 1302 2023 suorum
1355 1958 1462 2042 pie
1515 1958 1706 2023 facta.
1751 1977 1879 2022 non
1925 1958 2127 2023 solum
2158 1955 2617 2021 inviolabiliter
2662 1976 2913 2022 conser-

580 2050 590 2060 ’
666 2084 834 2147 vare,
868 2064 899 2143 ΙΙ
929 2063 1042 2130 sed
1097 2066 1287 2131 etiam
1333 2061 1627 2131 cessurae
1646 2059 1690 2148 ¹)
1736 2085 1889 2131 suae
1936 2062 2303 2129 auctoritate
2348 2062 2646 2129 alacriter
2690 2062 2913 2128 confir·

665 2190 858 2237 mare.
939 2170 1214 2237 Proinde
1271 2172 1518 2237 noverit
1569 2171 1846 2237 omnium
1889 2169 2171 2237 fidelium
2214 2176 2568 2235 nostrorum
2612 2190 2911 2255 praesen·
2952 2180 2960 2186 '

665 2277 821 2344 tium
866 2278 1108 2343 scilicet
1154 2284 1216 2343 et
1243 2277 1590 2344 futurorum
1630 2276 2019 2361 magnitude,
2070 2258 2747 2360 qualiteffvenerabilis
2778 2278 2911 2345 Nit-

664 2383 902 2450 hardus
949 2384 1114 2450 abba
1157 2404 1237 2451 ex
1282 2374 1695 2468 monasteri0‚
1746 2384 1917 2468 quod
1964 2383 2192 2449 dicitur
2233 2382 2543 2467 Medma,
2594 2384 2769 2467 quod
2814 2392 2915 2451 est

666 2496 1085 2557 constructum
1141 2492 1207 2557 in
1261 2491 1500 2557 honore
1555 2492 1760 2557 sancti
1804 2490 2179 2557 Michahelis
2234 2491 2629 2575 archangeli,
2691 2492 2913 2558 obtulit

646 2598 1078 2675 ,excellentiae
1121 2605 1378 2664 nostrae
1423 2598 1742 2682 quandam
1788 2598 2222 2665 auctoritatem
2265 2598 2431 2663 bone
2476 2599 2776 2665 memorie
2806 2599 2911 2665 avi

491 2767 502 2777 .
562 2764 572 2773 .
662 2706 862 2771 nostri
891 2705 1114 2770 Karoli
1157 2706 1686 2790 praestantissimi
1730 2705 2145 2790 imperatoris,
2196 2705 2263 2769 in
2306 2724 2437 2788 qua
2476 2706 2911 2773 continebatur

663 2812 964 2877 insertum
979 2860 997 2895 ‚
1057 2812 1322 2895 qualiter
1375 2812 1544 2878 idem
1601 2812 2116 2878 cristianissimus
2172 2812 2513 2895 imperator
2555 2812 2911 2897 praefatum

661 2918 1107 2985 monasterium
1176 2938 1318 2983 cum
1383 2918 1611 2985 abbate
1678 2925 1741 2985 et
1808 2918 2138 2985 monachis
2206 2918 2442 2983 ibidem
2507 2919 2648 2984 Deo
2710 2920 2911 2985 famu·

660 3026 966 3109 lantibuS,
1029 3044 1170 3090 cum
1215 3024 1572 3091 hominibus
1618 3027 1721 3093 vel
1764 3027 1952 3092 rebus
2010 3024 2244 3091 ibidem
2288 3025 2744 3109 pertinentibus
2788 3027 2911 3092 sub

661 3152 951 3199 sermone
1005 3132 1285 3196 tuitionis
1339 3151 1494 3199 suae
1539 3134 1993 3216 constituisset,
2052 3134 2145 3199 ita
2186 3139 2256 3199 ut
2299 3133 2365 3197 in
2411 3138 2733 3217 posterum
2774 3139 2912 3197 tam

662 3239 778 3303 sub
823 3258 939 3303 suo
987 3254 1300 3321 quamque
1346 3245 1408 3305 et
1452 3258 1889 3305 successorum
1935 3259 2189 3316 suorum
2236 3258 2454 3323 regum
2484 3238 2779 3305 videlicet
2808 3260 2910 3306 se·
2938 3267 2968 3276 ν

663 3345 982 3437 quentium
1026 3343 1462 3409 mundoburdo
1507 3352 1571 3411 et
1616 3345 1983 3411 defensione
2030 3345 2421 3411 consisteret.
2492 3346 2678 3412 Petiit
2724 3346 2911 3412 celsi-

660 3450 860 3516 tudini
906 3457 1160 3516 nostrae
1205 3451 1587 3535 praedictus·
1612 3452 1793 3535 abba,
1843 3458 1913 3517 ut
1954 3472 2075 3518 nos
2108 3448 2567 3520 similitereum
2596 3458 2660 3519 et
2687 3473 2911 3519 mona-

661 3558 932 3641 sterium,
986 3558 1086 3622 cui
1131 3563 1399 3642 praeest,
1451 3564 1512 3622 et
1541 3558 1869 3624 monachis
1906 3558 2137 3624 ibidem
2175 3559 2313 3624 Deo
2359 3559 2767 3625 militantibus
2814 3567 2911 3625 at·

662 3655 1010 3747 que⁴srebus
1057 3665 1158 3730 vel
1205 3664 1560 3729 hominibus
1610 3665 1730 3730 sibi
1776 3659 2299 3749 pertinentibus²)
2345 3666 2461 3731 sub
2507 3654 2911 3732 nostra'con-

661 3770 1052 3836 stitueremus
1080 3770 1467 3836 defensione
1513 3776 1574 3836 et
1622 3770 1827 3837 eidem
1862 3773 2229 3845 ‚auctoritati
2274 3778 2552 3837 nostram
2593 3772 2911 3839 firmitatis
2956 3791 2964 3797 ·

659 3878 864 3962 gratia
897 3876 1306 3962 jungeremus
1349 3878 1798 3943 auctoritatem.
1872 3878 2067 3964 Cujus
2100 3878 2607 3963 deprecationem
2638 3879 2912 3945 libenter

660 3984 992 4050 annuimus
1038 3990 1100 4050 et
1141 3984 1532 4067 beneficium,
1583 3984 1754 4068 quod
1796 3986 1865 4067 in
1910 3985 2093 4051 nobis
2138 3986 2483 4070 postulavit
2512 3985 2591 4051 ob
2622 4005 2911 4051 amorem
2940 4056 2965 4074 .

657 4090 781 4157 Dei
839 4097 902 4156 et
958 4091 1374 4157 reverentiam
1427 4091 1629 4175 ipsius
1693 4092 1895 4157 sancti
1952 4092 2076 4157 loci
2122 4093 2340 4157 libenti
2388 4078 2597 4158 animo
2619 4071 2913 4160 *conces-

660 4196 823 4262 sisse
869 4197 1146 4263 omnium
1189 4196 1470 4263 fidelium
1514 4204 1873 4263 nostrorum
1917 4204 2265 4282 cognoscat
2306 4199 2634 4265 industria.
2704 4201 2913 4285 Prop-

837 4420 880 4485 ι)
917 4418 998 4473 sic
1032 4419 1091 4473 in
1125 4419 1300 4475 icone.
1337 4420 1373 4476 1.
1399 4434 1683 4476 censurae.
1826 4424 1875 4491 ²)
1908 4422 2191 4494 hucusque
2224 4423 2369 4481 icon.
