3209 5434
1803 534 1892 601 80

724 694 1079 762 dilectionis
1136 693 1411 761 brachiis
1470 694 1934 780 amplexamur,
1999 712 2190 776 qnam
2243 694 2435 759 etiam
2487 693 2529 759 J
2531 691 2676 758 udei
2729 690 2962 775 gaude-

723 800 869 867 bitis
938 820 1053 867 vos
1122 808 1337 867 nostro
1398 800 1676 868 dominio
1736 799 2095 867 subdidisse
2163 806 2225 865 et
2291 799 2381 865 nil
2447 797 2687 865 dulcius
2749 798 2963 880 nilque

724 908 983 974 suavius
1051 906 1338 974 sentiatis
1402 915 1620 974 nostro
1682 907 1960 973 dominio
2029 906 2330 991 experiri,
2403 925 2545 970 cum
2597 903 2961 969 intentionis

724 1014 925 1081 nostri
984 1014 1257 1079 extiterit
1326 1019 1389 1080 et
1455 1016 1688 1082 existat
1754 1020 1974 1080 contra
2017 1012 2168 1098 jura
2221 1012 2400 1078 vobis
2457 1011 2669 1078 debita
2709 1011 2961 1095 penitus

724 1119 921 1185 nichil
978 1126 1347 1205 attemptare
1416 1120 1533 1187 sed
1600 1121 1912 1187 honorum
1981 1140 2098 1187 vos
2157 1119 2354 1185 titulis
2409 1124 2474 1185 et
2523 1117 2962 1184 beneficiorum

676 1252 679 1255 ⁴
726 1226 1030 1293 extollere
1073 1226 1495 1293 incrementis.

903 1351 1138 1417 Datum
1182 1350 1419 1418 Werde
1463 1350 1596 1417 IIII
1625 1349 1769 1416 idus
1800 1351 1841 1417 J
1843 1349 2106 1435 aunarii,
2155 1348 2498 1416 indictione
2539 1348 2720 1413 XIII.

818 1506 887 1555 Ex
908 1509 1187 1570 autographo
1213 1477 1261 1558 in
1286 1509 1511 1557 tabulario
1526 1508 1853 1555 Wormatiensi
1875 1510 2124 1555 asservato.
2161 1506 2320 1555 Edidit
2342 1506 2541 1567 pessime
2565 1505 2744 1563 Moritz,
2776 1501 2963 1551 8616116-

911 1588 1063 1637 6161116
1086 1590 1189 1637 176.
1229 1614 1278 1621 -
1315 1589 1527 1647 3111111161,
1556 1588 1670 1647 Reg.
1696 1586 1930 1635 wilhelmi
1953 1587 2040 1635 No.
2063 1589 2170 1634 233.

733 1850 857 1923 59.
938 1846 1343 1923 Richardus
1394 1871 1527 1924 rex
1577 1852 1900 1942 testatur,
1957 1870 2038 1923 se
2091 1838 2476 1946 praesente
2521 1844 2599 1920 in
2645 1841 2966 1940 generali

942 1973 1145 2048 curia
1196 1971 1731 2066 wormatiensi,
1789 1972 2126 2050 consules
2172 1970 2738 2050 Wormatienses
2793 1990 2962 2066 pro-

940 2096 1225 2173 misisse
1280 2120 1360 2173 se
1417 2098 1872 2174 exactionem
1938 2118 2124 2197 quae
2187 2095 2451 2173 dicitur
2500 2092 2768 2191 Ungelt
2818 2116 2965 2167 non

942 2221 1249 2321 amplius
1300 2228 1727 2323 recepturos
1783 2246 1966 2299 esse.
2060 2226 2288 2315 1269,
2329 2221 2507 2321 Apr.
2554 2225 2678 2297 20.
2754 2217 2964 2295 Wor-

940 2347 1180 2421 matie.

908 2504 1264 2572 Richardus
1308 2504 1434 2571 Dei
1475 2505 1683 2589 gratia
1726 2506 2154 2573 Romanorum
2190 2525 2303 2570 rex
2349 2522 2602 2588 semper
2643 2506 2964 2585 augustus.

732 2612 1063 2679 Universis
1138 2612 1387 2697 imperii
1452 2612 1724 2678 Romani
1796 2612 2086 2679 fidelibus
2161 2617 2488 2698 presentes
2563 2610 2806 2674 litteras
2877 2608 2967 2671 in-

733 2720 1043 2804 specturis
1098 2719 1368 2802 gratiam
1414 2740 1595 2785 suam
1651 2726 1711 2785 et
1767 2740 1952 2785 omne
2012 2719 2260 2785 bonum.
2346 2718 2503 2783 Cum
2557 2715 2806 2800 pridem
2855 2733 2968 2798 per

734 2826 1026 2891 consules
1086 2826 1356 2892 civitatis
1404 2827 1884 2892 Wormatiensis
1897 2876 1914 2909 ‚
1981 2824 2246 2891 dilectos
2298 2822 2520 2890 fideles
2566 2829 2844 2903 nostros,
2903 2819 2970 2885 in

732 2932 879 3016 ipsa
923 2932 1174 2998 civitate
1220 2931 1492 3015 quedam
1538 2934 1785 2999 exactio
1834 2933 1968 2998 sive
2027 2932 2322 3016 angaria,
2381 2931 2600 3013 ungelt
2652 2928 2970 3012 appellata

732 3038 1102 3122 vulgariter,
1161 3040 1447 3104 instituta
1490 3039 1572 3105 de
1617 3040 1784 3105 facto
1829 3038 2053 3106 fuisset
2070 3034 2118 3123 ¹)
2127 3090 2145 3123 ,
2210 3058 2332 3123 que
2375 3037 2444 3101 in
2487 3057 2617 3101 non
2649 3038 2802 3099 leve
2841 3039 2967 3097 tam

735 3145 1305 3212 ecclesiasticarum
1350 3166 1541 3230 quam
1588 3147 1964 3212 secularium
2020 3165 2460 3231 personarum,
2518 3142 2868 3208 incolarum
2909 3144 2968 3202 61

735 3254 925 3320 etiam
970 3252 1356 3319 advenarum
1402 3252 1806 3347 dispendium
1849 3273 1966 3337 per
1997 3252 2470 3317 diminutionem
2499 3268 2790 3315 mensure
2819 3244 2964 3327 vini,

734 3354 1051 3424 frumenti
1074 3365 1136 3425 et
1180 3360 1443 3425 aliorum
1488 3360 1850 3425 victualium
1908 3380 2170 3443 vergere
2213 3358 2570 3440 videbatur3
2631 3374 2822 3420 nosse
2864 3371 2967 3417 vo·

735 3466 941 3531 lumus
999 3464 1327 3530 universos
1386 3465 1555 3548 quod
1612 3466 1926 3549 prenotati
1972 3467 2292 3547 consuleS,
2347 3465 2414 3529 in
2459 3462 2740 3547 generali
2783 3460 2968 3524 collo·

737 3573 887 3656 quio
940 3592 1057 3657 per
1101 3592 1219 3637 nos
1278 3572 1593 3637 celebrato
1641 3572 1988 3637 Wormatie
2043 3570 2111 3637 in
2155 3578 2375 3637 nostra
2419 3577 2482 3635 et
2523 3567 2974 3635 venerabilium

734 3679 1087 3763 Moguntini
1137 3667 1199 3743 et
1241 3679 1652 3745 Treverensis
1699 3679 2337 3764 archiepiscoporum,
2388 3673 2869 3742 wormatiensis
2913 3676 2972 3736 et

736 3786 1057 3871 Spirensis
1104 3785 1573 3870 episcoporum,
1632 3784 2001 3851 dilectorum
2057 3784 2413 3870 principum
2457 3789 2839 3863 nostrorum,
2897 3798 2974 3843 ac

736 3893 1001 3958 aliorum
1058 3893 1391 3958 multorum
1437 3892 1733 3956 comitum
1787 3897 1849 3956 et
1891 3898 2254 3975 magnatum
2298 3890 2576 3955 fidelium
2621 3894 2974 3953 nostrorum

735 4000 1057 4086 presentia
1101 4000 1436 4081 constituti,
1488 3999 1604 4063 sub
1619 3992 1670 4081 ²)
1703 3998 1952 4082 prestiti
1986 3997 2328 4082 juramenti
2373 3996 2680 4079 religione
2723 4014 2841 4078 pro
2887 3992 2976 4057 rei

735 4107 989 4192 publice
1047 4106 1213 4173 bono
1269 4111 1331 4172 et
1384 4104 1669 4189 generali
1723 4124 1887 4188 pace
1947 4104 2356 4189 solempniter
2410 4092 2977 4189 sposponderunt³)

918 4352 958 4414 ¹)
996 4346 1229 4402 fuissent
1264 4348 1335 4422 de
1370 4346 1519 4403 facto
1557 4347 1691 4403 Cod.
1835 4348 1881 4415 ²)
1919 4354 1976 4401 et
2010 4346 2226 4416 prestiti
2254 4346 2364 4415 jur.
2403 4318 2696 4399 Schannat.
2726 4319 2732 4325 ’

914 4437 960 4501 ⁸)
995 4436 1411 4503 spoponderunt
1451 4434 1749 4490 Schannat.
