3209 5434
1416 514 1542 580 165

351 670 571 755 currit,
632 671 858 756 quibus
905 672 1266 739 Ludovicus
1313 674 1466 741 Pius
1514 673 1778 741 Judaeis
1835 672 2208 757 quibusdam
2263 677 2597 760 protectio-

349 797 496 842 nem
553 798 734 843 suam
790 780 1120 864 promittit3
1182 780 1262 845 de
1311 782 1537 863 quibus
1575 781 1890 847 .conferas
1947 802 2111 865 quae
2156 782 2314 847 dixit
2358 783 2592 866 Sickel,

349 884 522 969 Dipl.
558 886 746 950 Beitr.
782 886 821 950 1.
860 906 911 951 c.
953 888 1076 951 137
1110 888 1186 953 N.

528 1046 648 1111 No.
690 1047 790 1110 10.
873 1047 973 1111 De
1019 1046 1156 1132 ejus
1203 1046 1455 1130 generis
1505 1048 1760 1131 chartis,
1821 1068 1979 1132 quas
2032 1042 2329 1132 „breves“
2382 1049 2597 1133 appel·
2644 1088 2649 1093 -

349 1151 496 1234 lavi,
549 1147 845 1233 (Kanzlei
889 1154 1188 1219 Konrads
1220 1154 1325 1236 II.,
1376 1174 1436 1237 p.
1477 1149 1607 1235 89),
1670 1154 1885 1220 confer
1930 1155 2164 1237 Sickel,
2213 1155 2377 1220 Acta
2406 1155 2596 1220 Garo-

349 1257 552 1322 lorum
584 1260 634 1340 I,
671 1261 803 1323 394
835 1280 916 1325 ss.
970 1267 1032 1325 et
1076 1260 1300 1325 librum
1332 1246 1539 1324 meum
1571 1260 1896 1326 laudatum
1942 1263 1982 1325 l.
2020 1281 2071 1327 c.
2109 1282 2193 1326 ss
2264 1264 2340 1328 In
2379 1268 2597 1328 nostra

350 1363 573 1429 charta
626 1366 1002 1450 vocabulum
1053 1360 1362 1449 „noticia“
1423 1386 1549 1449 qua
1607 1366 1995 1451 appellanda
2051 1368 2323 1451 videtur,
2386 1369 2597 1435 obser-

348 1472 627 1537 vandum
665 1479 776 1537 est.
851 1471 1097 1538 Ottonis
1129 1473 1178 1536 Ι.
1216 1473 1472 1538 chartae
1503 1472 1788 1558 ejusdem
1820 1474 2075 1557 generis
2104 1474 2229 1539 hae
2258 1474 2389 1541 sere
2420 1482 2591 1541 sunt:

348 1578 610 1663 Stumpf
641 1580 712 1643 R.
749 1580 899 1644 333.
937 1579 1085 1644 334.
1121 1581 1272 1644 443.
1308 1581 1459 1645 460.
1495 1580 1661 1663 539;
1738 1600 1895 1663 quas
1951 1580 2313 1666 hujusmodi
2371 1582 2593 1649 breves

348 1684 626 1751 Conradi
659 1687 741 1750 ΙΙ.
778 1686 1079 1750 habemus
1112 1687 1151 1750 l.
1189 1707 1241 1750 c.
1291 1707 1438 1770 pag.
1477 1688 1561 1752 89
1608 1688 2007 1753 enumeravi.⁴
2064 1689 2247 1754 Duae
2276 1709 2426 1754 vero
2458 1690 2594 1755 bre-

346 1813 479 1875 veS,
530 1813 690 1875 quas
737 1793 859 1858 hoc
899 1793 1111 1858 libello
1160 1793 1331 1857 edidi
1377 1789 1480 1875 (N.
1522 1795 1604 1858 10
1652 1800 1714 1859 et
1759 1794 1834 1859 N.
1872 1788 2003 1878 30),
2054 1796 2287 1880 quippe
2334 1816 2595 1877 quarum

349 1899 750 1983 autographa
814 1900 1045 1965 nostris
1107 1919 1355 1982 quoque
1411 1901 1797 1985 temporibus
1868 1902 2214 1985 supersint,
2288 1902 2593 1985 imprimis

349 2013 495 2073 sunt
538 2008 870 2072 notabiles,
955 2006 1232 2084 Quarum
1282 2006 1689 2091 Ottonianum
1736 2007 2021 2091 diploma
2066 2009 2430 2073 sollemnius
2476 2014 2590 2091 est,

349 2132 540 2197 quam
601 2113 1057 2195 Conradinum,
1133 2113 1311 2198 cujus
1377 2114 1645 2178 formam
1710 2117 1751 2180 l.
1793 2135 1845 2181 c.
1918 2134 2066 2198 pag.
2106 2116 2187 2180 91
2262 2114 2588 2198 descripsi.

349 2220 600 2288 ottonis
650 2221 856 2285 brevis
903 2222 969 2285 in
999 2220 1366 2285 membrana
1394 2226 1608 2285 tantae
1639 2220 1880 2286 formae
1920 2222 2155 2305 scripta
2194 2228 2308 2304 est,
2357 2227 2595 2305 quanta

349 2327 416 2391 in
449 2327 673 2392 ceteris
705 2326 898 2409 regiis
943 2328 1300 2411 praeceptis
1347 2347 1490 2392 esse
1537 2328 1815 2411 solebat,
1863 2328 2103 2411 primus
2148 2349 2371 2393 versus
2402 2328 2591 2393 modo

348 2441 651 2499 consueto
729 2434 952 2499 litteris
1030 2434 1388 2516 oblongatis
1456 2435 1728 2518 scriptus
1810 2440 1933 2517 est,
2022 2435 2399 2519 compendia
2464 2455 2590 2499 non

349 2540 604 2625 saepius
663 2560 853 2624 quam
911 2541 977 2606 in
1039 2541 1265 2605 ceteris
1324 2540 1688 2625 diplomatis
1746 2548 2079 2607 occurrunt
2128 2562 2332 2625 neque
2376 2562 2589 2607 eorum

312 2709 326 2720 ,
348 2652 538 2713 notae
582 2646 877 2712 insolitae
924 2654 1096 2731 sunt,
1162 2647 1430 2730 denique
1489 2668 1696 2731 neque
1742 2648 2055 2714 invocatio
2100 2649 2374 2715 verbalis
2429 2669 2591 2734 quae

347 2752 602 2836 dicitur,
687 2773 893 2836 neque
969 2775 1446 2837 monogramma
1514 2775 1720 2837 neque
1790 2755 2065 2837 sigillum
2133 2755 2586 2822 desiderantur.

346 2861 643 2926 Attamen
709 2860 952 2927 Crismo
1023 2867 1086 2925 et
1138 2862 1566 2943 recognitione
1624 2862 2015 2943 cancellarii,
2086 2863 2251 2927 notis
2319 2864 2591 2948 denique

349 2967 812 3051 chronologicis
872 2968 1160 3033 omnibus
1229 2974 1558 3051 utrumque
1619 2968 2078 3051 autographum
2142 2976 2313 3034 caret
2379 2977 2584 3053 atque,

345 3074 414 3141 id
473 3075 644 3157 quod
699 3075 1006 3160 imprimis
1071 3069 1370 3158 „breves“
1435 3096 1476 3139 a
1532 3074 1757 3139 ceteris
1821 3074 2181 3158 diplomatis
2239 3076 2584 3160 distinguit,

345 3182 412 3246 in
464 3188 729 3264 utroque
782 3183 924 3247 loco
978 3182 1498 3266 promulgationis
1552 3182 1848 3246 salutatio
1917 3181 2197 3247 habetur.
2258 3218 2347 3227 -
2403 3183 2588 3261 Quod

345 3288 554 3353 brevis
616 3288 864 3354 Ottonis
921 3290 1103 3353 nobis
1163 3295 1540 3353 conservata
1598 3295 1696 3353 est
1764 3308 1880 3352 nos
1952 3288 2181 3354 debere
2249 3290 2588 3356 verisimile

273 3441 276 3444 -
344 3401 498 3481 put-o
545 3395 714 3477 regis
761 3402 1100 3480 praecepto
1155 3396 1263 3477 qui
1309 3416 1449 3461 eam
1503 3396 1605 3479 „in
1652 3395 1966 3459 aecclesia
2010 3395 2587 3480 Magadaburgensi

345 3502 791 3585 perpetualiter
835 3497 1240 3586 pe1·manere“
1285 3502 1494 3588 jussit.
1566 3503 1797 3566 Multas
1836 3502 2001 3566 enim
2032 3503 2193 3567 alias
2226 3503 2586 3588 hujusmodi

213 3660 218 3663 .
345 3607 600 3691 breveS,
663 3610 885 3691 quibus
946 3609 1026 3674 de
1085 3609 1588 3674 administranda
1633 3628 1701 3673 re
1758 3609 2011 3692 publica
2055 3610 2466 3693 imperatores
2524 3617 2586 3675 et

277 3746 282 3753 ·
343 3736 528 3798 reges
569 3717 1046 3799 constituebant,
1096 3736 1260 3798 quae
1304 3723 1374 3779 ut
1419 3721 1957 3795 conservarentur,
2009 3736 2151 3781 cum
2196 3716 2363 3797 regis
2410 3737 2583 3780 man-

345 3822 562 3887 datum
608 3822 953 3905 perfectum
998 3829 1194 3905 esset,
1244 3822 1512 3887 neminis
1557 3821 1690 3885 sere
1735 3821 2061 3904 intererat,
2111 3821 2391 3906 perditas
2440 3842 2583 3887 esse

343 3929 613 3994 arbitror
657 3930 763 4011 ita,
812 3935 881 3994 ut
925 3949 1006 4013 ne
1049 3930 1245 3994 ullum
1290 3928 1544 4012 quidem
1584 3947 1796 3992 earum
1830 3928 2163 4011 vestigium
2211 3934 2596 3995 remaneret..

521 4088 638 4154 No.
679 4091 778 4153 11.
820 4090 919 4154 12.
1013 4088 1157 4154 Non
1224 4108 1367 4153 raro
1435 4086 1657 4170 fiebat,
1732 4094 1797 4151 ut
1847 4088 1913 4152 in
1971 4088 2147 4170 regia
2203 4087 2584 4154 cancellaria

342 4195 528 4261 unius
588 4201 775 4279 atque
830 4195 1113 4281 ejusdem
1171 4193 1532 4279 diplomatis
1593 4192 1719 4258 duo
1768 4194 1902 4260 sive
1947 4195 2136 4259 etiam
2179 4195 2365 4278 plura
2408 4200 2582 4261 auto-

342 4298 596 4387 grapha
637 4302 998 4368 authentica
1053 4303 1488 4367 scriberentur.
1574 4301 1833 4383 Aliquot
1883 4300 2245 4387 hujusmodi
2291 4304 2586 4387 exempla

348 4430 428 4475 ex
476 4410 616 4475 aevi
663 4410 1027 4475 Carolorum
1089 4410 1248 4474 actis
1297 4409 1558 4473 contulit
1601 4408 1859 4491 Sickel,
1910 4409 2073 4475 Acta
2103 4409 2308 4477 Oarol.
2342 4410 2392 4493 1,
2426 4410 2577 4492 404,
