3209 5434
1368 514 1453 581 97

278 671 493 736 liberis
530 671 886 737 hominibus
926 671 991 736 in
1035 672 1347 738 aeclesiae
1377 672 1660 758 praediis
1693 674 2088 740 manentibus
2105 670 2154 757 ¹)
2184 664 2269 740 ad
2301 694 2530 741 causas

281 778 669 844 audiendum
726 786 787 844 et
846 778 1060 845 fredas
1117 780 1498 863 exigendum
1556 786 1618 845 et
1661 782 2034 860 mansiones
2103 788 2212 847 aut
2270 787 2529 868 paratas

278 884 643 951 faciendum
690 892 753 951 et
795 886 1205 972 fidejussores
1249 886 1596 952 tollendum
1643 895 1706 953 et
1750 887 2036 954 homines
2075 889 2284 973 ipsius
2329 890 2530 955 aecle-

266 992 419 1058 siae
464 978 608 1058 tam'
640 993 951 1078 Francos,
1003 1015 1192 1077 quam
1238 1014 1455 1059 servos
1505 999 1566 1058 et
1613 994 1876 1060 Sclavos
1923 994 2423 1079 distringendum
2468 1001 2532 1062 et

278 1099 475 1165 ullam
520 1100 959 1165 redibitionem
1004 1101 1447 1184 requirendum
1496 1107 1603 1165 aut
1649 1101 1890 1185 aliquid
1929 1102 2010 1167 de
2039 1102 2140 1167 his
2188 1103 2530 1169 exactitare

278 1226 393 1289 per
462 1207 743 1290 aliquam*
793 1207 1203 1292 judiciariam·
1268 1207 1646 1292 potestatem
1707 1209 1835 1273 ullo
1893 1228 2190 1292 umquam
2246 1216 2532 1294 tempore

279 1319 674 1397 praesumat·
747 1313 935 1380 Unde
992 1315 1181 1379 etiam
1238 1314 1408 1380 idem
1461 1315 1844 1381 venerabilis
1904 1316 2242 1401 episcopus
2289 1317 2539 1409 MffiiR:

276 1420 523 1509 Qdus
573 1428 856 1486 nostram
914 1422 1093 1505 petiit
1151 1421 1582 1507 majestatem,
1649 1427 1718 1485 ut
1774 1421 2041 1487 eandem
2097 1422 2529 1489 defensionem

280 1546 395 1611 per
441 1535 697 1594 nostrae
744 1529 1133 1594 auctoritatis
1179 1530 1632 1595 immunitatem
1680 1529 1852 1593 circa
1895 1529 2040 1613 ipsa
2084 1531 2228 1594 loca
2271 1531 2373 1596 vel
2419 1530 2529 1596 ho-

279 1634 481 1701 mines
552 1635 878 1720 praefatae
945 1628 1255 1701 aeclesiae
1326 1636 1857 1702 confirmaremus.
1962 1635 2153 1721 Cujus
2220 1637 2523 1721 petitioni,

280 1742 577 1823 quoniam
636 1743 1027 1809 rationabilis
1087 1742 1444 1828 videbatur,
1504 1744 1629 1810 hoc
1687 1742 2002 1828 denegare
2045 1743 2388 1827 noluimus,
2450 1764 2527 1809 ac

281 1867 398 1931 per-
440 1848 562 1914 hoc
609 1851 845 1933 omnia,
910 1870 1073 1934 quae
1126 1852 1415 1935 superius
1470 1852 1894 1934 continentur,
1957 1871 2073 1935 per
2117 1850 2283 1916 hanc
2327 1850 2528 1916 nostri

279 1956 606 2040 praecepti
673 1957 974 2041 paginam
1046 1957 1417 2025 confirmare
1494 1958 1865 2023 studuimus.
1970 1956 2217 2023 Idcirco
2285 1956 2527 2041 praeci-

279 2061 525 2146 pientes
596 2064 940 2129 sanctimus
956 2115 973 2147 ‚
1052 2070 1121 2129 ut
1190 2064 1489 2148 quicquid
1557 2064 1644 2130 ad
1708 2065 1917 2149 ipsam
1983 2064 2527 2148 praenominatam

280 2169 621 2235 aeclesiam
664 2176 795 2236 tam
840 2172 907 2235 in
954 2171 1171 2254 serviS‚
1228 2172 1473 2237 Sclavis
1522 2178 1583 2237 et
1629 2171 1864 2237 accolis
1913 2191 2100 2254 quam
2148 2170 2290 2235 aliis
2336 2169 2524 2235 rebus

270 2275 445 2360 juste
490 2282 553 2342 et
595 2277 883 2361 legaliter
928 2277 1233 2343 hactenus
1281 2278 1596 2361 pertinere
1642 2279 1848 2345 visum
1886 2284 1998 2362 est,
2050 2278 2213 2344 sicut
2256 2277 2322 2342 in
2353 2283 2526 2343 ante-

279 2402 602 2448 cessorum
646 2391 1001 2450 nostrorum
1050 2378 1431 2470 [praeceptis
1484 2378 1920 2469 continetur²)]
1936 2436 1952 2467 ‚
2012 2386 2103 2450 ita
2159 2385 2350 2450 etiam
2409 2385 2524 2450 sub

278 2496 534 2556 nostrae
584 2492 993 2556 immunitatis
1051 2494 1305 2559 nomine
1361 2493 1427 2557 in
1472 2492 1662 2558 modo
1720 2490 1885 2557 datis
1946 2492 2132 2557 rebus
2193 2498 2254 2557 et
2317 2491 2526 2557 adhuc

261 2596 511 2683 „dandis
557 2604 756 2663 tutum
802 2604 863 2663 et
910 2598 1239 2664 defensum
1287 2606 1673 2683 permaneat,
1722 2619 1842 2664 nec
1887 2599 2218 2682 quisquam
2260 2596 2342 2663 de
2371 2597 2524 2663 fide-

279 2702 443 2779 libus
490 2706 723 2770 nostris
772 2706 906 2771 sive
956 2726 1167 2772 comes
1216 2706 1351 2772 sive
1387 2705 1589 2791 judex
1636 2706 1924 2790 publicus
1974 2706 2040 2770 in
2085 2711 2265 2790 parte
2309 2705 2525 2788 aliqua

266 2786 389 2875 ⁸aut
432 2812 561 2877 ullo
606 2831 903 2895 umquam
950 2818 1244 2897 tempore·
1288 2812 1612 2897 praefatae
1658 2813 1974 2878 aeclesiae
2025 2833 2126 2879 res
2175 2812 2525 2895 inquietare

278 2917 538 3001 audeat,
603 2919 895 3001 quatinus
953 2925 1229 2985 rectores
1287 2920 1488 3003 ipsius
1550 2920 1866 3009 aeclesiae
1925 2939 2041 3003 pro
2099 2918 2525 2985 incolomitate

279 3031 497 3090 nostra
542 3026 846 3109 regnique
892 3027 1092 3092 nostri
1142 3026 1480 3091 stabilitate
1516 3025 1755 3110 jugiter
1803 3025 2083 3091 divinam
2129 3024 2524 3090 clementiam

280 3131 574 3196 studeant
620 3153 902 3197 exorare.
984 3133 1052 3200 Si
1101 3134 1239 3218 quis
1287 3153 1457 3214 vero,
1505 3132 1678 3215 quod
1721 3132 1994 3198 futurum
2024 3152 2151 3196 non
2184 3130 2517 3215 credimus,

278 3238 464 3323 hujus
526 3246 780 3305 nostrae
837 3241 1245 3305 immunitatis
1312 3246 1720 3325 praeceptum
1780 3228 2121 3321 aliquando
2180 3237 2522 3323 infringere

277 3348 702 3430 temptaverit,
758 3348 1005 3413 noverit
1048 3368 1119 3413 se
1165 3367 1544 3432 componere
1590 3348 1727 3411 auri
1773 3346 1992 3430 optimi
2037 3346 2230 3411 libras
2278 3344 2345 3410 G.
2395 3365 2522 3410 me-

281 3451 579 3518 dietatem
626 3475 915 3519 camerae
958 3459 1214 3519 nostrae
1262 3461 1323 3519 01
1368 3453 1453 3518 ad
1498 3454 1848 3538 praefatam
1891 3453 2233 3519 ⁴aeclesiam
2279 3458 2521 3536 partem

280 3559 559 3625 alteram.
647 3560 833 3639 Quod
890 3567 958 3625 ut
1008 3562 1217 3627 verius
1266 3561 1558 3626 credatur
1604 3560 2088 3644 diligentiusque
2135 3559 2516 3641 observetur,

280 3666 401 3732 hoc
447 3674 850 3752 praeceptum
911 3667 1061 3733 inde
1121 3654 1547 3751 conscriptum
1602 3687 1794 3732 manu
1837 3666 2095 3751 propria
2150 3666 2518 3731 roborantes

280 3774 475 3857 sigilli
516 3775 717 3839 nostri
760 3775 1156 3858 inpressione
1191 3774 1499 3860 jussimus
1546 3773 1880 3856 assignari.

601 3890 865 3973 Signum
889 3888 1103 3955 domni
1128 3890 1489 3955 Chuonradi
1508 3885 1630 3973 (M)
1652 3889 1820 3972 regis
1843 3887 2257 3954 invictissimi.
2293 3882 2391 3970 (L.
2421 3882 2518 3971 S.)

2592 2364 2686 2495 1-1
2724 2389 2814 2479 r«-
2899 2386 2902 2388 ‘

600 3974 997 4079 &dalricusffl
1053 3998 1469 4062 cancellarius
1525 3996 1666 4062 vice
1708 3981 2006 4060 Aribonis
2055 3993 2519 4079 archiepiscopi
2622 4048 2631 4053 .

704 4123 849 4169 reco
942 4104 1088 4169 ovit.

277 4219 448 4283 Data
468 4218 633 4284 XIII
654 4124 970 4285 kalenffis
993 4220 1033 4286 J
1035 4218 1184 4301 unii,
1219 4218 1563 4283 indictione
1585 4176 1761 4300 Vm,
1789 4236 1955 4283 anno
1980 4216 2060 4281 ab
2084 4215 2520 4282 incarnatione

455 4427 498 4491 ι)
536 4426 633 4480 sic.
669 4427 704 4480 l.
744 4430 1047 4481 manentes.
1153 4426 1198 4491 2)
1240 4426 1398 4481 deest
1433 4427 1489 4481 in
1526 4429 1638 4481 aut.
1749 4425 1794 4491 ⁸)
1833 4423 2156 4480 Ovdalricus
2193 4425 2336 4480 Mon.
2365 4425 2552 4481 Boic.·

1987 4515 2018 4568 7
