3209 5434
1354 540 1437 605 89

267 696 834 783 praedecessorum
888 704 1244 795 nostrqrum
1287 705 1660 784 praecepta,
1719 699 1976 784 Pippini
2020 698 2333 783 videlicet,
2384 700 2513 766 Ka-

267 789 624 874 τὸΙοῑῐιειῐιῐιί
680 811 743 872 et
786 806 1011 871 Karoli
1068 807 1455 890 aliorumque
1511 826 1732 891 regum
1789 813 1851 871 et
1907 807 2384 890 imperatorum,
2447 806 2513 871 in
2598 852 2602 869 .

270 884 495 995 quibus
558 913 1018 995 continebatur,
1092 912 1405 997 quomodo
1462 914 1588 997 ipsi
1646 932 1762 997 pro
1819 913 2096 979 remedio
2167 913 2515 978 animarum

270 1038 527 1083 suarum
575 1018 659 1083 ad
701 1019 1009 1103 prefatam
1056 1020 1391 1085 ecclesiam
1436 1020 1501 1084 in
1546 1020 1787 1085 honore
1834 1021 2038 1085 sancti
2068 1020 2309 1084 Kiliani
2353 1041 2515 1085 mar-

269 1126 429 1209 tyris
478 1132 899 1191 constructam
947 1146 1195 1191 omnem
1241 1126 1551 1192 decimam
1595 1127 1834 1209 tributi,
1901 1146 2020 1209 que
2066 1126 2389 1191 annuatim
2436 1124 2516 1191 de

270 1232 555 1317 partibus
604 1232 997 1298 orientalium
1028 1234 1415 1298 Francorum
1459 1233 1563 1299 vel
1610 1233 1689 1299 de
1719 1234 1986 1317 Sclavis,
2038 1253 2225 1318 quam
2270 1233 2517 1317 vulgari

271 1339 493 1423 lingua
551 1340 747 1425 stiora
801 1340 902 1405 vel
959 1340 1336 1405 osterstuofa
1389 1346 1652 1423 vocant,
1716 1338 1800 1405 ad
1855 1341 2078 1406 fiscum
2135 1340 2516 1405 dominicum

272 1466 390 1531 per
445 1466 663 1511 omnes
718 1451 879 1526 terre
935 1447 1102 1513 illius
1156 1468 1362 1532 pagos
1423 1454 1485 1512 et
1551 1448 1885 1513 comitatus
1944 1447 2024 1513 de
2079 1447 2517 1530 qualicumque

273 1573 344 1617 re
389 1553 667 1637 persolvi
713 1554 901 1619 solita
946 1559 1107 1637 erat,
1172 1555 1304 1619 suis
1360 1555 1868 1641 preceptionibus
1925 1553 2271 1619 donassent
2318 1560 2379 1619 et
2423 1554 2515 1620 in-

275 1679 467 1744 super
512 1660 700 1725 etiam
747 1681 995 1725 omnem
1042 1660 1379 1746 decimam,
1444 1682 1562 1746 que
1620 1683 1660 1727 a
1716 1662 2048 1753 dominicis
2094 1662 2368 1727 curtibus
2415 1663 2516 1727 In-

274 1766 643 1851 gilenheim,
704 1768 1051 1852 Neristein,
1104 1768 1531 1834 Cruzzinacha
1590 1775 1652 1835 et
1698 1770 1869 1853 aliis,
1937 1770 2099 1835 sicut
2141 1769 2206 1833 in
2251 1768 2516 1853 preliba-

274 1880 479 1940 torum
534 1895 754 1958 regum
808 1875 909 1941 vel
965 1877 1411 1961 imperatorum
1467 1871 1782 1961 preceptis
1841 1878 2142 1961 scriptum
2188 1876 2513 1960 invenitur,

278 1980 363 2047 ad
407 1983 719 2067 privatum
753 1981 862 2067 jus
894 1983 1174 2067 ipsorum
1204 1983 1519 2067 pertinuit,
1569 1984 1775 2049 eidem
1805 1984 1940 2069 jam
1975 1984 2181 2047 dictae
2212 1983 2518 2049 ecclesiae

278 2108 396 2153 sua
450 2090 819 2155 auctoritate
876 2090 1276 2156 addidissent
1328 2096 1391 2156 et
1434 2091 1930 2156 confirmassent.
2003 2090 2126 2168 Pro
2171 2090 2262 2155 rei
2307 2094 2519 2179 tamen

275 2195 569 2261 firmitate
626 2204 1005 2264 memoratus
1061 2198 1399 2283 episcopus
1467 2198 1648 2283 petiit
1715 2196 2150 2264 celsitudinem
2216 2202 2513 2280 nostram,

277 2302 438 2369 haec
496 2306 707 2370 omnia
761 2312 978 2371 nostra
1032 2305 1503 2371 confirmatione
1570 2305 1776 2371 denuo
1835 2304 2240 2370 corroborari.
2319 2304 2518 2390 Cujus

276 2411 634 2476 rationabili
690 2413 976 2496 petitioni
1032 2398 1133 2477 ob*
1168 2413 1583 2478 interventum
1643 2432 1786 2494 care
1842 2413 1980 2493 avie
2027 2418 2281 2477 nostrae
2325 2409 2518 2476 Adal-

278 2516 484 2583 heidis
530 2518 943 2603 imperatricis
991 2525 1297 2602 augustae
1336 2520 1510 2604 pium
1541 2539 1873 2585 assensum
1902 2520 2251 2606 prebentes,
2301 2538 2518 2583 omnes

281 2623 655 2691 donationes
703 2633 765 2691 et
809 2626 1314 2704 confirmationes
1373 2628 1860 2712 prescriptorum
1917 2646 2135 2709 regum
2180 2625 2283 2690 vel
2314 2625 2520 2709 impe-

280 2736 553 2796 ratorum
601 2733 989 2815 aliorumque
1046 2734 1483 2817 religiosorum
1526 2735 1804 2799 virorum
1857 2739 2114 2798 nostrae
2157 2731 2519 2796 munificen-

280 2838 407 2903 tiae
453 2838 619 2903 dono
668 2846 729 2904 et
774 2847 1111 2926 praecepto
1156 2842 1402 2906 noviter
1436 2841 1894 2906 confirmamus.
1966 2840 2070 2904 Ad
2101 2840 2218 2921 hec
2250 2859 2515 2923 quoque,

282 2945 444 3010 sicut
486 2946 670 3011 beato
703 2947 1055 3031 Burgharto
1088 2948 1407 3032 episcopo,
1455 2949 1591 3014 viro
1635 2947 2002 3032 apostolice,
2053 2967 2167 3030 per
2211 2946 2517 3031 prefatum

281 3072 495 3135 regem
540 3053 879 3138 Pippinum
939 3060 1037 3119 est
1089 3054 1391 3121 donatum
1450 3061 1511 3120 et
1568 3075 1684 3139 per
1729 3054 2180 3136 subsequentes
2227 3072 2410 3136 reges
2459 3056 2521 3117 et

281 3160 690 3245 imperatores
744 3167 969 3245 postea
1025 3161 1487 3245 confirmatum,
1550 3162 1672 3227 hac
1725 3168 1943 3226 nostra
1997 3159 2402 3244 preceptione
2459 3164 2520 3223 et

281 3268 459 3351 regia
514 3269 869 3334 emunitatis
923 3269 1184 3334 tuitione
1253 3270 1571 3334 sancimus
1640 3268 2022 3350 firmiterque
2067 3266 2390 3350 jubemus,
2453 3269 2521 3329 ut

282 3377 488 3441 nullus
548 3395 757 3441 comes
815 3376 916 3441 vel
961 3375 1161 3460 judex
1220 3376 1507 3459 publicus
1565 3395 1680 3441 seu
1736 3376 1863 3440 alia
1909 3375 2180 3458 quelibet
2223 3392 2514 3457 persona,

283 3504 515 3566 magna
560 3483 693 3549 sive
723 3504 940 3567 parva,
990 3483 1318 3567 territoria,
1367 3483 1564 3566 vicos,
1614 3483 1798 3548 villas
1832 3481 1916 3547 ad
1945 3482 2292 3568 predictam
2323 3480 2520 3545 eccle-

284 3589 443 3654 siam
487 3591 871 3674 pertinentes
917 3590 1249 3655 temerario
1297 3609 1457 3655 ausu
1499 3590 1748 3673 ingredi
1798 3594 2117 3673 presumat
2161 3585 2244 3652 ad
2291 3605 2518 3652 causas

284 3688 651 3780 audiendaS,
701 3697 804 3762 vel
847 3696 1029 3762 freda
1074 3696 1404 3779 exigenda,
1454 3697 1819 3763 mansiones
1863 3702 1969 3760 aut
1997 3701 2254 3779 paratas
2286 3693 2518 3757 facien-

285 3803 429 3887 das,
490 3805 592 3869 vel
648 3803 1055 3889 fidejussores
1102 3803 1445 3887 tollendos,
1511 3809 1619 3868 aut
1675 3802 1960 3868 homines
2008 3802 2207 3886 ipsius
2255 3800 2518 3881 ecclesie

283 3912 511 3976 liberos
558 3912 659 3976 vel
706 3931 923 3976 servos
969 3912 1033 3976 in
1079 3911 1285 3977 alodis
1333 3911 1434 3977 vel
1464 3911 1776 3993 aliquibus
1809 3892 2021 3975 eorum
2051 3910 2236 3975 rebus
2269 3908 2518 3972 distrin-

284 4039 431 4101 gere
477 4019 611 4084 sive
656 4018 850 4083 ullam
895 4018 1331 4084 redibitionem
1369 4018 1457 4083 ibi
1487 4018 1802 4100 requirere
1832 4017 1933 4081 vel
1965 4016 2178 4097 aliqua
2207 4014 2520 4080 calumnia

286 4145 393 4191 eos
440 4125 670 4191 audeat
713 4126 1097 4209 inquietare,
1158 4124 1273 4191 sed
1329 4126 1540 4190 omnia
1595 4122 1882 4207 superius
1929 4121 2068 4206 jam
2125 4122 2295 4187 dicta
2340 4142 2380 4186 a
2424 4140 2518 4186 re-

284 4232 464 4316 gibus
522 4233 623 4299 vel
678 4232 1157 4319 imperatoribus
1212 4232 1361 4297 illuc
1419 4230 1657 4296 donata
1712 4235 1773 4295 et
1816 4229 2198 4295 'confirmata
2239 4227 2518 4313 prefatus

285 4340 741 4405 Berenwardus
800 4341 1136 4425 episcopus
1193 4339 1415 4421 suique
1470 4357 1872 4404 successores
1929 4357 2043 4422 per
2097 4335 2264 4401 hanc
2308 4342 2520 4418 nostre

284 4447 703 4531 preceptionis
736 4448 1173 4513 auctoritatem
1205 4446 1449 4530 integro
1470 4445 1618 4531 jure
1645 4443 2020 4532 possideant
2047 4450 2111 4509 et
2139 4442 2224 4509 ad
2255 4444 2520 4525 ecclesie

2604 794 2610 817 ι
2655 773 2662 805 Ι

2660 822 2675 844 1
