3209 5434
1312 542 1395 609 91

233 720 411 767 sores
458 701 686 783 nostri,
749 706 878 766 tam
922 720 1108 785 reges
1164 721 1353 785 quam
1397 701 1811 786 imperatores
1857 701 2132 767 Karolus
2149 750 2166 783 ,
2229 699 2478 765 Luodo·

232 808 450 890 wicuS,
499 806 817 890 Arnolfus,
868 808 1257 891 Cuonradus,
1307 808 1642 874 Heinricus
1689 827 1968 891 avusque
2004 813 2219 872 noster
2261 806 2479 889 magni

233 915 506 980 nominis
554 914 700 981 Otto
747 920 1051 999 paterque
1096 920 1311 981 noster
1356 915 1541 981 divae
1596 915 1936 980 memoriae
1981 914 2158 996 Otto,
2217 919 2476 979 cunctas

232 1042 337 1087 res
398 1028 524 1086 tam
585 1021 849 1087 mobiles
910 1041 1098 1104 quam
1153 1022 1483 1088 inmobiles
1540 1021 1627 1087 ad
1685 1022 2060 1087 aecclesiam
2107 1021 2309 1086 sancti
2355 1021 2478 1086 sal-

231 1128 489 1211 vatoriS,
536 1128 602 1191 in
652 1148 777 1211 qua
806 1104 1130 1212 pfficiosus
1162 1127 1392 1194 Christi
1426 1134 1665 1213 martyr
1695 1128 1989 1194 Kilianus
2031 1129 2312 1211 sociique
2341 1126 2477 1212 ejus

235 1234 645 1318 corporaliter
666 1235 1106 1319 requiescunt,
1144 1233 1318 1320 juste
1362 1241 1425 1301 et
1468 1234 1757 1319 legaliter
1795 1236 2178 1319 pertinentes
2227 1237 2341 1301 sub
2385 1235 2479 1301 in-

232 1342 556 1407 munitatis
605 1361 758 1407 suae
806 1342 1010 1426 clipeo
1058 1362 1306 1426 semper
1350 1347 1687 1408 tuerentur.
1759 1342 1863 1406 Ad
1894 1342 2014 1407 hoc
2046 1343 2234 1408 etiam
2264 1342 2329 1407 in
2361 1342 2478 1408 eis-

235 1448 382 1513 dem
426 1448 695 1513 kartulis
752 1449 1053 1533 scriptum
1107 1448 1479 1532 habebatur,
1539 1448 1709 1531 quod
1763 1448 2069 1533 praedicti
2127 1468 2309 1534 reges
2366 1468 2479 1515 seu

234 1555 646 1639 imperatores
691 1576 806 1639 per
836 1555 1240 1622 auctoritatis
1288 1575 1441 1620 suae
1485 1562 1829 1641 praecepta
1872 1556 2194 1639 praefatae
2240 1557 2478 1622 aeccle-

238 1662 372 1727 siae
419 1662 813 1747 praesulibus
861 1662 1327 1728 concessissent
1372 1668 1434 1727 et
1479 1663 1974 1746 confirmassent,
2024 1669 2090 1727 ut
2134 1663 2344 1729 nullus
2377 1679 2478 1728 co-

232 1788 369 1834 mes
415 1770 516 1835 vel
564 1769 850 1854 publicus
888 1769 1090 1871 judex
1122 1769 1406 1855 ejusdem
1448 1770 1800 1836 aecclesiae
1832 1789 2048 1835 servos
2081 1771 2181 1835 vel
2214 1770 2478 1836 Sclavos

236 1876 371 1941 sive
417 1868 749 1960 parochos,
801 1897 957 1961 quos
1004 1876 1336 1960 bargildon
1378 1876 1612 1960 dicunt,
1662 1897 1774 1943 seu
1805 1877 2111 1961 Saxones,
2163 1878 2269 1961 qui
2298 1879 2480 1943 Nort-

235 1982 535 2066 helbinga
581 1983 887 2068 dicuntur,
938 1984 1074 2050 sive
1116 1990 1401 2049 caeteros
1446 1986 1701 2050 accolas
1733 2004 1848 2068 pro
1879 1984 2093 2049 liberis
2124 1985 2478 2050 hominibus

234 2089 302 2154 in
347 2089 633 2175 ejusdem
680 2092 1029 2157 aecclesiae
1075 2090 1356 2176 praediis
1401 2097 1748 2174 manentes,
1797 2091 1904 2174 qui
1951 2110 2022 2157 se
2062 2092 2165 2157 vel
2209 2112 2327 2158 sua
2370 2110 2478 2157 no-

233 2197 409 2262 valia
463 2218 542 2262 ex
587 2197 775 2264 viridi
832 2198 995 2264 silva
1048 2198 1219 2264 facta
1274 2200 1339 2264 in
1385 2198 1495 2283 jus
1553 2205 1617 2265 et
1659 2200 1724 2263 in
1772 2198 2071 2264 ditionem
2116 2198 2479 2283 praedictae

236 2304 587 2370 aecclesiae
642 2304 963 2371 traderent
1014 2305 1118 2371 vel
1185 2305 1392 2371 adhuc
1454 2305 1705 2371 tradere
1772 2306 2030 2390 vellent,
2102 2304 2186 2371 ad
2251 2325 2478 2372 causas

237 2409 620 2476 audiendum
664 2412 768 2477 vel
813 2411 996 2477 freda
1040 2412 1448 2496 exigendum,
1512 2418 1620 2477 aut
1665 2413 2027 2479 mansiones
2072 2413 2175 2479 vel
2219 2406 2478 2497 paratas

235 2516 615 2602 faciendum,
666 2519 768 2585 vel
791 2520 893 2623 eab
942 2519 1033 2585 eis
1079 2521 1272 2584 ullam
1319 2519 1756 2585 redibitionem
1789 2520 2231 2603 requirendum
2262 2519 2364 2585 vel
2395 2517 2480 2585 ad

236 2624 496 2707 aliquod
542 2645 702 2710 opus
751 2583 1249 2711 distringendum
1294 2627 1422 2691 ullo
1462 2647 1758 2709 umquam
1787 2633 2068 2711 tempore
2098 2632 2475 2712 praesumat.

236 2731 424 2799 Unde
472 2733 659 2798 etiam
722 2732 892 2798 idem
937 2734 1313 2800 venerabilis
1360 2734 1645 2818 pontifex
1690 2735 2025 2800 Heinricus
2069 2739 2325 2801 nostrae
2369 2753 2479 2819 po-

234 2839 470 2905 tentiae
518 2840 923 2924 supplicavit,
986 2842 1279 2924 quatinus
1336 2847 1397 2906 et
1448 2862 1567 2907 nos
1614 2842 2076 2926 praedictarum
2121 2863 2328 2908 rerum
2373 2841 2480 2908 de·

235 2945 587 3012 fensionem
644 2947 758 3012 sub
825 2953 1081 3013 nostrae
1145 2948 1534 3014 inmunitatis
1604 2950 2067 3033 susciperemus
2132 2949 2475 3014 tuitionem.

238 3053 433 3138 Cujus
491 3054 776 3138 petitioni
833 3054 1098 3120 libenter
1152 3075 1367 3120 aurem
1425 3056 1974 3121 accomodavimus
2035 3055 2325 3139 hancque
2369 3074 2478 3120 no·

239 3167 434 3226 stram
478 3161 909 3226 inmunitatem
958 3162 1127 3227 circa
1154 3163 1358 3247 ipsam
1393 3161 1610 3227 sedem
1650 3162 1910 3247 ejusque
1939 3162 2258 3246 praelatos
2290 3162 2480 3227 scribi

238 3268 706 3352 mandavimus,
769 3268 836 3333 in
884 3288 1010 3351 qua
1052 3269 1474 3354 praecipimus
1530 3269 1909 3354 firmiterque
1943 3269 2266 3354 jubemus,
2326 3288 2479 3351 qua-

235 3375 405 3439 tinus
453 3382 705 3458 cuncta,
765 3395 927 3458 quae
982 3374 1067 3441 ad
1122 3376 1665 3460 praenominatam
1724 3377 2101 3442 aecclesiam
2145 3376 2475 3461 pertinent,

241 3481 377 3547 sive
420 3481 487 3547 in
534 3482 706 3565 agris
763 3484 865 3548 vel
919 3483 1104 3548 terris
1152 3484 1335 3549 cultis
1382 3489 1444 3548 et
1487 3484 1769 3567 incultis,
1831 3504 1944 3550 seu
1989 3485 2054 3549 in
2099 3484 2475 3565 hominibus,

238 3588 471 3671 servis,
533 3588 811 3672 SclaviS,
872 3589 1229 3655 Saxonibus
1284 3592 1409 3657 vel·
1446 3590 1711 3655 caeteris
1758 3591 2022 3672 accolis,
2084 3590 2224 3687 qui·
2250 3609 2321 3656 se
2377 3588 2479 3655 vel

240 3715 389 3761 suas
434 3715 537 3761 res
584 3696 733 3779 illuc
780 3695 1182 3780 aliquomodo
1228 3697 1669 3781 manciparunt
1713 3698 1815 3763 vel
1860 3697 2068 3763 adhuc
2114 3696 2478 3781 mancipare

237 3804 483 3886 volunt,
547 3803 993 3889 cujuscumque
1052 3804 1179 3869 sint
1221 3804 1495 3869 nationis
1542 3804 1800 3890 cujusve
1861 3804 2268 3887 conditionis,
2329 3821 2478 3886 quo·

239 3929 504 3993 cumque
540 3909 684 3995 jure
729 3910 1001 3975 debeant
1043 3911 1287 3993 vivere,
1346 3915 1481 3975 tuta
1536 3917 1597 3975 et
1655 3910 1917 3977 defensa
1963 3911 2079 3976 sub
2125 3917 2343 3977 nostra
2384 3910 2478 3975 in-

237 4018 541 4082 munitate
580 4017 770 4082 liceat
796 4038 1069 4100 manere,
1117 4037 1237 4082 nec
1265 4016 1597 4100 quisquam
1626 4002 1915 4102 publicus
1936 4016 2139 4102 judex
2170 4018 2234 4082 in
2265 4017 2480 4099 aliqua

239 4145 307 4189 re
364 4123 683 4209 praefatos
738 4123 1023 4190 homines
1068 4126 1171 4189 vel
1225 4144 1329 4189 res
1386 4124 1618 4189 audeat
1670 4124 2046 4208 distringere
2090 4126 2192 4190 vel
2238 4124 2477 4208 inquie-

236 4237 389 4296 tare.
458 4228 541 4297 Et
585 4236 654 4295 ut
707 4229 829 4296 hoc
882 4230 1129 4297 firmum
1182 4231 1744 4314 inconvulsumque
1798 4230 1969 4296 omni
2020 4236 2305 4316 tempore
2348 4251 2478 4297 ma-

236 4343 412 4421 neat,
472 4357 665 4403 manu
720 4338 980 4423 propria
1034 4338 1285 4423 signum
1339 4336 1407 4403 in
1451 4358 1532 4403 ea
1573 4336 1836 4404 fecimus
1881 4338 2218 4423 sigilloque
2261 4344 2478 4407 nostro

236 4444 493 4529 signare
537 4444 993 4530 praecepimus.
