3209 5434
1367 488 1493 553 173

300 646 365 710 in
427 646 810 711 cancellaria
877 646 1242 729 germanica
1309 647 1546 730 scripta
1616 652 2010 729 comparetur
2074 667 2215 711 cum
2285 645 2541 731 diplom.

299 753 418 819 No.
455 754 560 837 26,
609 751 1064 818 mundeburdio
1111 753 1176 817 in
1225 752 1607 818 cancellaria
1651 752 1867 817 italica
1910 751 2077 817 dat0.

479 913 596 978 No.
633 914 737 978 24.
809 912 1124 977 Ineditum
1167 913 1492 995 hucusque
1538 911 1823 995 diploma
1850 911 2229 976 monasterio
2262 911 2542 977 Kaufun-

299 1019 483 1101 gensi
539 1029 927 1084 concessum.
1007 1020 1107 1083 De
1154 1020 1513 1104 diplomatis
1561 1018 2117 1101 Kaufungensibus
2163 1019 2227 1083 in
2275 1039 2545 1085 excursu

298 1125 400 1189 ΠΙ
446 1127 779 1190 annalibus
811 1126 1096 1190 Heinrici
1124 1128 1206 1190 Π.
1244 1125 1492 1210 adjecto
1540 1125 1790 1189 uberius
1840 1146 2044 1207 agam.
2078 1125 2543 1210 -—-.Diplomati

299 1251 518 1297 omnes
566 1239 754 1297 notae
800 1233 1286 1316 chronologicae
1333 1232 1587 1314 desunt3
1640 1231 1754 1296 sed
1787 1231 1907 1295 hac
1939 1252 2008 1295 re
2039 1231 2295 1296 chartae
2342 1232 2541 1316 ipsius

297 1336 461 1403 fides
519 1360 645 1404 non
707 1348 1002 1423 suspecta
1056 1340 1153 1422 fit,
1215 1339 1384 1422 quod
1439 1340 1505 1403 in
1566 1338 2007 1403 dissertatione
2066 1338 2145 1403 d'e
2192 1340 2543 1404 immunita-

295 1444 463 1509 tibus
510 1447 1136 1532 wirzeburgensibus
1195 1448 1433 1531 scripta
1479 1436 1921 1530 comprobabo,
2001 1446 2139 1510 Hoc
2186 1448 2325 1511 loco
2374 1446 2542 1511 suffi-

297 1552 426 1617 ciat
472 1553 780 1634 quasdam
827 1554 1076 1619 chartas
1124 1560 1445 1637 annotare,
1497 1573 1659 1635 quae
1691 1552 1914 1617 eodem
1944 1552 2133 1617 modo
2165 1553 2329 1617 notis
2363 1554 2541 1618 chro-

295 1659 607 1742 nologicis
656 1667 898 1725 carent:
948 1661 1203 1744 Stumps
1240 1660 1390 1727 531.
1427 1662 1576 1725 864.
1619 1660 1805 1725 1283.
1849 1660 2038 1723 1304.

175 1768 182 1775 ·
477 1820 594 1885 No.
629 1820 734 1885 25.
807 1820 899 1887 Cf.
948 1820 1418 1913 annotationem
1463 1819 1548 1883 ad
1593 1819 1669 1884 N.
1706 1820 1809 1883 21.

476 1979 592 2044 Nc.
631 1979 734 2044 26.
806 1980 907 2044 De
974 1980 1196 2045 litteris
1266 1978 1692 2043 mundiburdii
1762 1978 1839 2043 cs.
1912 1978 2379 2046 annotationem
2455 1977 2541 2044 ad

293 2085 374 2150 N.
411 2085 514 2150 20.
589 2086 780 2170 Cujus
829 2085 1190 2170 diplomatis
1235 2086 1504 2150 formula
1549 2092 1850 2167 quantum
1898 2091 1959 2149 et
1996 2085 2221 2167 quibus
2267 2086 2453 2149 rebus
2502 2106 2541 2150 a

292 2197 515 2257 nostra
561 2192 838 2276 differat,
897 2214 1025 2258 non
1086 2193 1343 2258 difficile
1398 2199 1495 2257 est
1539 2193 1876 2257 intellectu.
1927 2226 2017 2235 --
2062 2191 2541 2257 Observandum

294 2304 396 2363 est
440 2304 648 2364 autem
704 2306 958 2365 nostrae
1021 2300 1278 2365 chartae
1324 2301 1723 2365 enunciatum
1777 2319 1999 2384 „nemo
2054 2333 2135 2342 —
2179 2304 2543 2382 praesumat

293 2425 408 2471 eos
457 2404 542 2469 ad
585 2407 824 2489 placita
866 2406 1115 2479 trahere
1159 2408 1260 2472 vel
1308 2397 1700 2490 destringere
1746 2413 1853 2471 aut
1888 2405 2181 2491 judicare
2226 2406 2348 2469 nisi
2396 2409 2541 2470 ante

292 2518 577 2577 nostram
621 2512 1012 2596 imperialem
1058 2507 1518 2597 praesentiam“
1572 2514 1762 2578 etiam
1804 2512 2071 2589 inveniri
2100 2512 2165 2575 in
2198 2511 2540 2595 diplomate

275 2610 532 2683 'inedito
587 2619 916 2704 cujusdam
960 2620 1242 2685 Heinrici
1298 2620 1724 2704 imperatoriS,
1787 2619 2134 2685 Cremonae
2191 2625 2535 2701 asservatO,

292 2726 462 2790 notis
531 2726 994 2809 chronologicis
1054 2734 1333 2811 carente,
1407 2726 1584 2811 cujus
1644 2727 2027 2791 mentionem
2080 2725 2233 2789 facit
2286 2725 2535 2808 Ficker,
2654 2796 2657 2799 ,

292 2831 554 2897 Forsch.
605 2855 656 2897 z.
705 2833 835 2897 ital.
887 2833 1336 2918 Rechtsgesch.
1386 2834 1447 2915 Ι,
1500 2834 1648 2898 289.
1754 2832 1920 2897 Illud
1987 2832 2267 2915 diploma
2322 2838 2537 2897 nostro

291 2939 592 3004 Heinrico
639 2940 720 3004 II.
770 2941 1132 3024 imperatori
1179 2924 1620 3005 ascribendum
1652 2959 1793 3005 esse
1816 2966 1819 2971 ·
1841 2960 1919 3003 ex
1964 2938 2085 3003 hac
2132 2938 2538 3003 similitudine

245 3128 251 3133 .
291 3046 442 3111 licet
489 3046 818 3130 conjicere.
886 3048 1097 3112 Verba
1142 3047 1400 3112 laudata
1445 3046 1596 3130 quid
1644 3046 2087 3129 significarent,
2139 3046 2371 3110 Ficker
2415 3047 2455 3110 l.
2494 3046 2533 3109 l.

291 3152 640 3218 luculenter
687 3154 995 3238 exposuit.

472 3314 589 3379 No,
627 3314 731 3378 27.
803 3314 1252 3379 Monasterium
1310 3313 1374 3379 S.
1422 3312 1747 3396 Dionysii,
1809 3311 1980 3393 quod
2020 3312 2147 3377 -hoc
2193 3310 2537 3395 diplomate

293 3418 724 3501 confirmatur,
774 3420 1104 3485 fundatum
1150 3426 1296 3501 erat,
1329 3440 1386 3484 a.
1428 3420 1596 3483 1023
1648 3418 1726 3483 ab
1772 3418 2252 3502 archiepiscopo
2300 3418 2537 3483 Medio-

290 3524 558 3608 lanensi,
610 3525 686 3590 cf.
722 3527 1019 3591 Puricelli
1066 3527 1146 3591 de
1177 3527 1290 3591 SS.
1323 3532 1503 3589 mart.
1539 3525 1804 3589 Arialdo
1850 3531 1911 3589 et
1944 3525 2259 3590 Herlemb.
2293 3526 2405 3619 lib,
2425 3526 2533 3608 IV,

293 3650 348 3696 c.
384 3632 468 3695 93
515 3653 576 3695 n.
617 3634 716 3697 10.
767 3668 855 3676 —
903 3634 1138 3698 Charta
1197 3632 1342 3715 ipsa
1398 3632 1462 3695 in
1523 3632 1905 3697 cancellaria
1949 3632 2166 3697 italica
2212 3631 2383 3695 data.
2408 3650 2536 3696 non

290 3738 553 3802 multum
599 3738 678 3803 ab
726 3739 817 3804 eis
866 3739 1097 3821 differt,
1149 3758 1312 3821 quae
1358 3739 1425 3803 in
1471 3739 1853 3803 cancellaria
1896 3739 2261 3821 germanica
2307 3738 2534 3803 scribe-

290 3843 533 3909 bantur.
607 3844 1023 3911 Observanda
1081 3852 1285 3911 autem
1345 3851 1442 3910 est
1502 3846 1887 3910 enumeratio
1942 3838 2529 3930 „pertinentiarum“

289 3952 656 4016 monasterii
701 3952 862 4017 inter
908 3972 1070 4036 quae
1115 3952 1456 4017 nonnullae
1503 3972 1604 4018 res
1651 3945 1992 4035 (stallarea,
2044 3957 2386 4033 castaneta,
2436 3971 2535 4016 ro·

288 4057 541 4141 boreta,
589 4065 864 4141 monteS,
913 4059 1143 4140 valleS,
1194 4058 1490 4143 planities
1537 4052 1686 4140 cet.)
1742 4062 2104 4141 occurrunt,
2155 4078 2313 4139 quas
2361 4077 2534 4121 num-

287 4184 481 4247 quam
525 4165 594 4228 in
639 4164 1000 4249 diplomatis
1035 4164 1413 4247 germanicis
1446 4164 1748 4229 invenies.
1820 4165 2117 4230 Notanda
2148 4160 2394 4247 quoque
2424 4164 2536 4229 illa

286 4291 439 4354 pars
487 4270 865 4355 diplomatiS,
917 4292 1044 4353 qua
1087 4272 1143 4337 si
1191 4292 1345 4337 casu
1375 4270 1652 4353 quodam
1682 4271 1961 4336 cartulae
1991 4271 2354 4335 monasterii
2398 4291 2535 4354 per—

287 4376 460 4443 ditae
505 4384 736 4461 essent,
785 4378 1096 4444 advocato
1132 4378 1241 4463 jus
1289 4378 1652 4444 conceditur
1684 4398 1825 4443 cum
1857 4378 2100 4443 duobus
2139 4398 2533 4462 „sacramen-
