3209 5434
1764 531 1959 608 ‚66

796 664 1426 773 lJJJJJeri¹',“J'.Riaziani,
1474 688 1770 773 Zamcici,
1819 687 2076 771 Dassia,
2115 687 2359 772 Lusici3
2405 688 2742 753 terminum
2792 704 3021 770 quoque

792 801 996 865 eidem
1032 779 1360 885 parrochie
1392 798 1794 863 constitutum
1826 795 2129 861 orientem
2169 815 2389 861 versus
2421 794 2505 860 ad
2534 793 2777 860 flumen
2810 792 3018 871 odera,

792 917 856 973 et
916 905 1305 973 accidentem
1361 923 1439 969 ac
1494 910 1776 969 austrum
1827 922 2047 969 versus
2104 922 2304 986 usque
2356 902 2442 967 ad
2486 902 2742 968 Albiam
2790 898 3019 979 flumen,

796 1013 876 1077 ad
924 1013 1280 1097 aquilonem
1326 1030 1476 1076 vero
1522 1030 1724 1093 usque
1770 1009 1855 1074 ad
1893 1009 2053 1076 fines
2099 1009 2551 1094 provintiarum
2598 1027 2802 1093 supra
2847 1005 3023 1071 nomi·

796 1129 1080 1185 natarum
1126 1117 1388 1201 Vuucri,
1453 1098 1784 1200 Riazianis
1808 1104 2093 1207 'Daseia
2176 1116 2441 1182 Omnem
2496 1115 2710 1198 itaque
2770 1114 3023 1179 decima·
3045 1121 3071 1162 s

796 1229 1028 1293 tionem.
1102 1225 1167 1290 in
1244 1224 1582 1309 parrochia
1659 1224 1848 1289 totius
1926 1224 2330 1309 episcopatus
2406 1222 2688 1307 predicte
2775 1218 3024 1297 ecclesie

796 1333 1088 1397 traditam
1144 1332 1224 1397 ab
1272 1330 1752 1416 imperatoribus
1801 1330 2077 1396 Otthone
2132 1337 2194 1395 et
2235 1330 2534 1397 Heinrico
2578 1335 2806 1395 nostra
2851 1328 3023 1409 impe·

796 1441 932 1505 riali
980 1440 1349 1505 auetoritate
1405 1437 1850 1503 confirmamus
1910 1438 2192 1522 exceptis
2250 1436 2510 1503 decimis
2558 1435 3024 1520 possessionum

792 1532 1352 1631 Megdeburgensis
1401 1545 1684 1627 ecclesie,
1737 1563 1895 1627 quas
1927 1543 2486 1628 Megdeburgensis
2519 1543 2796 1624 ecclesia
2835 1539 3023 1607 studio

796 1633 1103 1717 cunradi'
1132 1651 1699 1736 Megdeburgensis
1764 1651 2227 1737 archiepiscopi
2293 1656 2354 1716 et
2410 1650 2690 1716 Wicheri
2759 1645 3023 1716 Brande-
3040 1666 3062 1696 ι·

796 1761 1126 1845 bingensis
1170 1766 1453 1843 tempore
1500 1759 1852 1823 Innocentii
1898 1778 2066 1844 pape
2113 1764 2174 1823 et
2204 1731 2536 1823 Ofinradi‘V
2525 1758 2693 1840 regis
2741 1777 2863 1841 per
2899 1773 3025 1819 con·

796 1869 1088 1933 cambium
1143 1865 1425 1949 optinuit.
1507 1866 1808 1930 Preterea
1861 1870 2231 1947 mercatum,
2280 1871 2624 1946 monetam,
2674 1863 3024 1930 theloneum

796 1973 952 2037 [1151]
956 1977 1146 2037 ιιιῒιιιιι
1214 1978 1544 2055 ceteraque
1615 1973 1829 2037 omnia
1893 1970 1978 2037 ad
2033 1971 2149 2053 hec
2198 1969 2371 2055 juste
2427 1971 2845 2091 legaliterque
2903 1986 3025 2053 per·

796 2081 1060 2145 tinentia
1114 2080 1182 2145 in
1237 2079 1379 2143 loco
1425 2055 1727 2144 Urslebe‘l
1753 2085 1817 2144 et
1869 2078 1936 2143 in
1988 2098 2156 2162 pago
2201 2049 2688 2161 Northturingaw
2706 2083 2773 2143 et
2826 2077 2895 2141 in
2938 2091 3024 2138 co·

796 2189 924 2253 miti
928 2197 1016 2253 ιῒιι
1064 2175 1372 2253 Liutheri
1383 2168 1647 2250 comitis
1705 2186 1856 2267 sita,
1914 2184 2196 2269 predicte
2240 2185 2504 2266 ecclesie
2558 2191 2776 2249 nostro
2836 2182 3025 2248 edicto
3044 2180 3069 2219 ι’

800 2297 1183 2374 rnbcrffluus,
1235 2312 1314 2356 ea
1359 2291 1654 2358 videlicet
1698 2291 1957 2373 ratione,
2007 2297 2075 2356 ut
2119 2292 2406 2357 omnibus
2449 2292 2732 2376 ejusdem
2777 2286 3023 2374 ecclesie

800 2401 1115 2481 episenpis
1162 2418 1368 2481 neque
1415 2397 1544 2462 dux
1589 2418 1795 2481 neque
1827 2418 2039 2463 comes
2086 2400 2187 2463 vel
2217 2399 2569 2465 vicecomes
2614 2419 2734 2464 nec
2765 2412 3022 2483 persona
3130 2409 3131 2422 ¹

800 2525 1032 2589 magna
1092 2506 1190 2570 vel
1245 2525 1449 2590 parva
1505 2506 1955 2590 imperatorum
2013 2504 2418 2571 donationem
2463 2512 2526 2571 et
2569 2511 2852 2570 nostram
2897 2520 3022 2567 con·

800 2613 1020 2677 firmati
1032 2632 1209 2677 [Jnem
1265 2611 1612 2695 infringere
1669 2610 1900 2677 audeat
1956 2618 2063 2676 aut
2119 2612 2208 2677 ibi
2263 2613 2670 2697 negociantes
2716 2611 3016 2696 inquietet.

800 2721 1072 2781 Proinde
1120 2720 1395 2783 omnium
1436 2718 1717 2784 fidelium
1747 2724 2104 2783 nostrorum
2148 2726 2363 2803 pateat
2403 2718 2727 2800 industrie,
2775 2716 3022 2803 qualiter
3041 2724 3067 2760 ω

800 2845 916 2889 11th
964 2845 1080 2909 pre
1111 2825 1234 2889 Dei
1282 2846 1496 2891 amore
1542 2832 1604 2890 et
1650 2825 1856 2905 anime
1900 2831 2148 2914 nostre
2157 2825 2434 2891 remedio
2476 2827 2814 2891 ecclesiam
2844 2826 3020 2889 Bran·

800 2929 1287 3015 dehurgmsem,
1353 2933 1420 2996 in
1475 2931 1715 2996 honore
1770 2923 2133 2996 beatissimi
2140 2895 2335 2997 Petri
2390 2933 2818 3016 apostolorum
2875 2928 3020 3015 prin-

800 3037 960 3121 eipis
995 3037 1336 3121 fundatam,
1373 3039 1489 3104 sub
1521 3039 1720 3104 nostri
1748 3037 2193 3104 mundeburdii
2224 3038 2588 3105 defensione
2625 3039 3017 3123 suscepimus

800 3145 960 3209 eunii
972 3165 1056 3209 ιιι]
1068 3151 1244 3210 antes
1293 3146 1580 3211 omnibus
1627 3143 1763 3229 ejus
1810 3146 2158 3229 episcopis,
2218 3151 2287 3209 ut
2340 3145 2613 3211 habeant
2658 3146 2927 3212 eandem
2963 3138 3022 3204 li-

800 3253 1121 3334 bertatern,
1172 3272 1361 3334 quam
1393 3252 1679 3336 episcopi
1710 3252 2011 3316 Saxonici
2041 3251 2291 3336 habent,
2326 3253 2622 3318 videlicet
2651 3253 2717 3317 in
2748 3244 3019 3337 eligendo
3038 3259 3063 3295 ιι

804 3357 1146 3421 adamatos
1195 3358 1261 3421 in
1305 3365 1434 3422 toto
1482 3378 1597 3423 suo
1645 3358 2032 3441 episcopatu,
2079 3365 2266 3442 prout
2310 3360 2402 3424 eis
2433 3366 2809 3443 oportunum
2838 3353 3016 3432 fuerit,
3128 3372 3129 3415 ff

804 3465 964 3525 sicut
1012 3485 1052 3525 a·
1080 3461 1533 3545 predecessore
1564 3471 1780 3529 nostro
1824 3465 2204 3548 imperatore
2234 3466 2508 3532 Henrico
2541 3465 2748 3531 eidem
2778 3459 3020 3547 ecclesie
3128 3458 3129 3521 ι

804 3569 1097 3633 traditum
1127 3567 1258 3633 fuit.
1317 3570 1438 3634 Illa
1469 3570 1662 3636 etiam
1691 3572 1875 3653 bona,
1914 3591 2048 3653 quc
2078 3571 2665 3656 Brandeburgensis
2701 3572 3018 3656 episcopus
3128 3540 3129 3596 ¹

804 3677 1095 3757 wigerus
1140 3677 1244 3740 vel
1290 3677 1564 3759 quelibet
1607 3677 1816 3741 fidelis
1862 3697 2139 3760 persona
2170 3680 2494 3744 canonicis
2525 3680 2592 3745 in
2621 3686 2834 3743 monte
2866 3679 3021 3750 beate

803 3785 1000 3861 Mai-ie
1036 3785 1221 3865 juxta
1263 3783 1476 3848 villam
1522 3785 1792 3854 Lezeke¹
1809 3782 1996 3867 juxta
2039 3787 2322 3868 regulam
2366 3785 2535 3852 beati
2573 3785 2912 3869 Augustini
2950 3777 3065 3845 vid·

804 3889 1092 3953 rentibus
1153 3889 1532 3956 contradidit
1585 3893 1689 3956 vel
1747 3892 1813 3954 in
1870 3898 2191 3975 posterum
2249 3891 2425 3957 dabit
2479 3899 2542 3957 et
2593 3912 2712 3975 que
2759 3890 3023 3958 similiter

804 3997 1008 4061 fidelis
1060 4002 1270 4061 noster
1298 3996 1701 4062 Willemarus
1735 3997 2021 4080 ejusdem
2051 3998 2316 4079 ecclesie
2347 4000 2685 4083 episcopus
2717 3992 3021 4063 canonicis

804 4101 868 4165 in
900 4101 1397 4168 Erandeuburch
1441 4103 1884 4168 nichilominus
1931 4104 2279 4170 secundum
2307 4108 2590 4189 regulam
2618 4105 2678 4170 b.
2706 4097 3023 4188 Augustini

808 4209 920 4269 sub
968 4229 1188 4274 nunna
1231 4209 1837 4275 Premonstratensis
1886 4210 2127 4277 ordinis
2182 4212 2561 4278 viventibus„
2583 4212 2901 4277 concessit
2941 4204 3024 4274 vel
3126 4275 3127 4280 ,

988 4433 1028 4493 ¹²}
1064 4432 1158 4485 sic.
1195 4432 1233 4485 l.
1270 4433 1494 4486 Vuucri.
1581 4451 1600 4469 ·
