3209 5434
1746 496 1871 561 118

677 662 851 726 Data
872 658 1219 742 Argentine
1250 621 1417 721 anno
1453 655 1903 719 incarnationis
1928 652 2185 718 Domini
2223 645 2342 735 (M)
2354 645 2563 736 (L-S.)
2604 649 2865 731 Signum

676 766 1033 847 MCXXVI,
1082 763 1427 829 indictione
1472 762 1623 844 IIII,
1673 780 1874 826 nonas
1910 761 2044 825 1111
2072 761 2180 827 Ja-
2615 754 2851 819 domini

678 872 884 939 nuarii
896 922 912 954 ,
974 890 1142 936 anno
1201 871 1234 934 1
1289 869 1468 951 regni
1512 867 1796 932 Lotharii
1839 867 1956 931 111.
2039 868 2180 950 Ego
2591 860 2873 927 Lotharii

680 976 1069 1046 Snelhardus
1128 976 1342 1040 notavi
1400 976 1515 1041 sub
1570 976 1710 1040 vice
1757 974 2181 1039 archicancel-
2543 968 2668 1033 Dei
2709 966 2922 1049 gracia

680 1084 824 1150 larii
869 1082 1194 1147 Adelberti
1241 1082 1704 1166 archiepiscopi
1749 1080 2117 1164 Mogontini.
2543 1074 2719 1139 tercii
2736 1073 2920 1156 regis.

773 1257 841 1306 Ex
886 1256 1167 1317 autographo
1208 1256 1259 1302 in
1301 1255 1501 1302 archivio
1536 1255 1851 1302 carlsruhensi
1895 1257 2142 1301 asservato.
2200 1251 2408 1311 Sigillum
2437 1250 2628 1297 laesum.
2678 1248 2924 1295 Ediderunt

868 1336 1109 1395 Heri-gott,
1147 1335 1424 1393 Genealogia
1454 1334 1626 1381 Habsb.
1647 1335 1702 1391 Π,
1727 1336 1834 1381 149.
1883 1334 2118 1388 Troufflat,
2150 1332 2271 1378 Mon.
2296 1332 2354 1377 de
2385 1330 2496 1376 Bale
2527 1330 2562 1386 Ι,
2585 1330 2691 1376 249.
2735 1322 2922 1383 Βῇωεὲ,

866 1414 981 1474 Reg.
1002 1414 1114 1461 Bul.
1138 1416 1197 1462 35
1228 1413 1354 1461 Extr-
1393 1437 1441 1446 —
1480 1414 1692 1473 Bohmer,
1722 1414 1836 1472 Reg.
1857 1415 1967 1474 imp.
1999 1413 2138 1459 2099.
2185 1409 2381 1470 sempr,
2412 1410 2550 1455 3232.

691 1751 731 1820 7
742 1752 813 1822 8.
898 1742 1283 1820 Lotharius
1334 1749 1545 1839 rogat
1578 1742 1985 1820 Honorium
2039 1765 2324 1842 papam,
2379 1746 2458 1815 ut
2505 1739 2928 1840 episcopum

899 1869 1395 1945 Basileensem
1450 1873 1806 1961 coerceat,
1865 1868 2247 1966 quominus
2298 1865 2816 1942 monasterium
2854 1862 2922 1938 S.

902 1994 1129 2070 Blasii
1185 1994 1546 2095 opprimat
1602 1993 1872 2090 (1126,
1926 1991 2089 2087 Jan.
2171 1988 2630 2087 Argentine).

865 2171 1138 2237 Domino
1198 2177 1259 2236 et
1314 2170 1659 2236 universali
1718 2190 1926 2254 papae
1985 2169 2268 2234 Honorio
2320 2166 2657 2231 Lotharius
2703 2168 2928 2231 Roma-

689 2297 916 2344 norum
972 2298 1087 2342 rex
1141 2277 1434 2341 devotum
1481 2296 1623 2341 cum
1668 2276 1845 2341 filiali
1893 2276 2228 2341 dilectione
2274 2274 2658 2356 obsequium.
2730 2274 2928 2337 Bene·

614 2454 619 2457 ,
689 2383 895 2448 dictus
941 2383 1145 2464 Deus,
1206 2383 1312 2465 qui
1368 2382 1596 2447 faciem
1653 2383 1916 2463 ecclesie
1970 2402 2080 2463 sue
2125 2381 2406 2465 respexit
2455 2386 2516 2445 et
2559 2386 2622 2445 te
2667 2386 2924 2463 patrem,

686 2496 756 2557 ut
811 2488 1050 2572 decuit,
1110 2489 1178 2553 in
1234 2510 1313 2553 ea
1369 2489 1744 2566 sublimavit.
1832 2489 2110 2554 Proinde
2157 2488 2394 2571 duplici
2439 2506 2765 2570 speramus
2814 2505 2928 2550 nos

690 2616 916 2662 usuros
966 2594 1424 2678 commoditate,
1475 2596 1771 2661 videlicet
1814 2596 2078 2676 ecclesie
2109 2595 2533 2677 gubernaculo
2565 2600 2698 2658 ate
2743 2588 2928 2675 dirigi

692 2708 756 2768 et
799 2722 916 2766 nos
962 2702 1028 2765 in
1070 2702 1373 2783 regimine
1431 2702 1794 2785 praeposito
1841 2708 1976 2784 tuo,
2027 2707 2232 2785 pater,
2293 2696 2645 2766 interventu
2691 2718 2928 2765 summo

690 2808 947 2893 placere
1003 2808 1247 2872 rectori.
1332 2807 1516 2873 Unde
1574 2808 1885 2891 siquidem
1939 2829 2236 2891 magnam
2290 2808 2765 2892 oppressionem
2811 2806 2929 2870 fra-

689 2920 851 2979 trum
884 2913 948 2979 S.
983 2914 1184 2978 Blasii
1229 2919 1433 2994 vestre
1482 2915 1918 2997 conquerimur
1963 2915 2340 2998 paternitati,
2390 2916 2540 2998 quia
2585 2934 2779 2979 causa
2809 2915 2930 2978 ista

574 3072 584 3081 .
692 3042 734 3085 a
778 3019 1373 3104 praedecessoribus
1420 3022 1653 3085 nostris
1708 3026 1839 3085 tam
1893 3022 2147 3104 regibus
2207 3041 2397 3104 quam
2454 3019 2929 3105 imperatoribus

692 3132 755 3193 et
798 3127 1043 3192 noviter
1086 3126 1153 3190 in
1200 3132 1418 3191 nostra
1463 3127 1824 3210 praesentia
1859 3127 2156 3192 videlicet
2185 3148 2225 3191 a
2254 3126 2643 3211 principibus
2677 3125 2932 3207 ecclesie

693 3239 755 3298 et
799 3234 980 3316 regni
1027 3232 1333 3297 subtiliter
1378 3233 1682 3298 ventilata
1729 3253 1805 3297 ac
1854 3233 2200 3318 dijudicata
2245 3239 2369 3315 est,
2417 3234 2506 3298 ita
2553 3234 2820 3317 scilicet,
2869 3238 2932 3297 ut

693 3358 821 3404 non
884 3339 966 3403 sit
1026 3357 1215 3421 opus,
1282 3339 1335 3402 si
1381 3345 1624 3403 tantum
1668 3345 1879 3404 vestra
1927 3340 2110 3405 nobis
2157 3340 2531 3405 succurrerit
2576 3340 2926 3420 auctoritaS,

696 3464 839 3510 eam
886 3444 1157 3527 amplius
1189 3445 1513 3509 retractari
1556 3451 1618 3509 et
1661 3444 2012 3529 dijudicari.
2084 3448 2405 3529 Rogamus
2447 3447 2638 3530 igitur
2668 3453 2931 3513 vestram

699 3552 1157 3637 paternitatem,
1207 3557 1275 3615 ut
1320 3551 1681 3635 praedictus
1727 3553 2099 3617 Basiliensis
2146 3554 2482 3638 episcopus
2529 3554 2625 3617 sic
2670 3552 2932 3637 rigidam

694 3664 900 3739 vestre
971 3657 1379 3723 districtionis
1438 3678 1769 3723 censuram
1826 3680 1866 3723 a
1923 3659 2102 3725 vobis
2170 3660 2436 3741 senciat,
2509 3665 2578 3722 ut
2636 3659 2930 3741 deinceps

696 3764 775 3829 ab
825 3764 1237 3847 oppressione
1282 3764 1551 3828 filiorum
1596 3770 1946 3830 vestrorum
1993 3765 2274 3831 desistat.
2347 3765 2529 3843 Quod
2561 3766 2729 3831 enim
2759 3784 2931 3848 regu-

697 3870 817 3936 lari
838 3864 842 3869 ’
852 3869 1097 3954 judicio
1147 3869 1571 3955 diffinivimus,
1622 3892 1737 3936 vos
1770 3870 1951 3938 decet
1981 3872 2348 3937 auctoritate
2377 3878 2591 3937 vestra
2620 3874 2927 3937 roborare.

749 4022 757 4031 ⁵
793 4045 859 4092 Ex
882 4044 1159 4105 apographo,
1191 4045 1378 4093 ineunte
1413 4060 1531 4093 saec.
1552 4046 1635 4093 XII
1667 4047 1854 4105 scripto,
1885 4047 2010 4107 quod
2040 4049 2302 4093 asservatur
2320 4048 2368 4095 in
2391 4046 2590 4095 archivio
2615 4046 2934 4095 Carlsruheusi.

884 4123 1045 4174 Edidit
1072 4124 1283 4182 Ger-bert,
1314 4126 1441 4188 Nigr.
1460 4126 1585 4173 Silva
1616 4126 1692 4183 111,
1713 4126 1789 4177 57.
