3209 5434
1682 487 1808 552 168

794 649 912 714 No.
954 648 1054 712 16.
1128 648 1274 711 Duo
1321 667 1486 730 quae
1531 647 1809 731 praebeo
1842 650 2231 711 mercatuum
2262 644 2635 709 donatorum
2666 642 2860 727 diplo-

615 760 788 819 mata
844 790 934 799 -
991 754 1424 819 Mimilevense
1469 754 1546 819 N.
1587 756 1668 818 16
1728 759 1790 819 et
1844 752 2471 835 Brandenburgicum
2516 752 2595 815 N.
2634 750 2724 815 34
2778 783 2863 793 —

585 881 760 927 -cum
818 862 980 925 inter
1033 880 1103 926 se
1150 860 1518 943 contuleris,
1578 860 1881 925 formulas
1943 878 2024 925 ex
2069 859 2292 943 quibus
2347 857 2671 941 descripta
2726 860 2867 921 sunt

621 968 874 1033 differre
919 968 1198 1049 multum,
1247 988 1316 1032 re
1354 967 1499 1051 ipsa
1544 973 1805 1049 utroque
1852 986 1979 1031 una
2024 986 2093 1031 re
2139 972 2407 1049 excepta
2451 984 2657 1049 paene
2700 962 2867 1028 idem

620 1074 915 1139 constitui
960 1074 1205 1139 videbis
1221 1124 1238 1157 ,
1299 1080 1562 1156 utroque
1624 1073 1791 1137 enim
1852 1078 2164 1138 mercatus
2212 1078 2465 1138 moneta
2508 1071 2903 1135 theloneum·

620 1202 661 1246 a
705 1201 854 1263 rege
916 1180 1362 1246 conceduntur.
1447 1182 1546 1245 De
1591 1186 1847 1245 moneta
1906 1180 2225 1263 episcopis
2286 1180 2419 1245 sive
2466 1177 2865 1242 monasteriis

622 1300 929 1353 concessa
988 1287 1064 1352 cf.
1116 1287 1360 1369 Sickel,
1422 1287 1699 1371 Diplom.
1735 1286 2031 1370 Beitr'age
2068 1288 2133 1351 II
2190 1282 2293 1369 (In
2352 1285 2511 1351 actis
2556 1285 2868 1350 Viennen-
2970 1304 2973 1309 ·

623 1395 794 1460 sibus
855 1393 1266 1476 academicis,
1329 1394 1554 1458 classis
1601 1394 2002 1477 hist-philos.
2038 1394 2347 1475 XXXIX,
2390 1387 2545 1475 132)
2602 1398 2667 1456 et
2708 1390 2867 1455 Acta

621 1502 1002 1567 Karolorum
1032 1503 1103 1565 L.
1140 1496 1321 1565 345*
1351 1496 1462 1584 (ΙΙ,
1497 1521 1558 1584 p.
1596 1494 1785 1582 351),
1836 1500 2137 1565 Soetbeer
2180 1502 2246 1565 in
2277 1499 2733 1582 Forschungen
2762 1518 2867 1563 zur

622 1608 904 1674 deutsch.
957 1607 1185 1673 Gesch.
1215 1608 1334 1689 VI,
1383 1609 1469 1672 24
1515 1626 1633 1689 ss,
1696 1606 1774 1671 cf.
1824 1608 2014 1672 etiam
2060 1607 2409 1691 diplomata
2453 1605 2737 1671 Lotharii
2782 1606 2859 1670 II.

619 1712 882 1799 (Beyer,
942 1714 1236 1779 Mittelrh.
1271 1714 1403 1779 UB.
1446 1708 1627 1796 100),
1689 1713 1935 1778 Arnulfi
1990 1709 2465 1799 (Lappenberg,
2522 1713 2859 1794 Hamburg.

615 1823 754 1887 UB.
785 1817 916 1905 33),
950 1821 1258 1886 Ludovici
1287 1820 1554 1885 Infantis
1579 1816 2009 1902 (Monumenta
2040 1821 2239 1885 Boica
2261 1820 2487 1884 XXXI
2500 1828 2541 1901 ⁸,
2580 1814 2752 1901 178).
2780 1853 2863 1861 —-

621 1929 721 1993 De
753 1922 1124 2013 ‘„districtu“
1179 1927 1354 2011 cujus
1401 1927 1468 1991 in
1515 1927 1860 2012 diplomate
1893 1927 2453 2010 Brandenburgico
2499 1927 2731 1991 mentio
2776 1925 2859 2007 fit,

622 2035 768 2100 vide
785 2036 1008 2117 Waitz,
1035 2034 1675 2117 Verfassungsgesch.
1704 2036 1820 2117 III,
1851 2036 1980 2099 249
2013 2056 2073 2099 n.
2102 2036 2174 2118 33
2211 2035 2339 2098 269
2365 2055 2424 2098 n.
2455 2035 2511 2097 1.
2562 2034 2636 2097 In
2670 2032 2863 2116 diplo-

622 2149 790 2207 mate
823 2143 1071 2209 Ottonis
1104 2143 1217 2206 III.
1253 2137 1540 2225 (Stumpf
1565 2136 1765 2223 1171)
1810 2142 2267 2207 conceduntur:
2322 2146 2691 2224 „mercatus,
2739 2158 2865 2203 mo-

624 2255 799 2331 neta,
865 2250 1175 2328 bannum,
1239 2245 1552 2313 teloneum
1612 2254 1675 2313 et
1733 2251 1923 2313 totius
1976 2249 2269 2333 publicae
2319 2249 2420 2311 rei
2470 2238 2861 2323 districtu8“3

624 2357 901 2420 bannum
963 2362 1023 2420 et
1081 2355 1400 2419 districtus
1460 2354 1926 2438 distinguuntur
1974 2356 2161 2420 etiam
2208 2356 2272 2420 in
2318 2354 2461 2420 aliis
2509 2351 2863 2437 diplomatis

624 2483 682 2528 v.
717 2483 777 2546 g.
829 2462 1085 2546 Stumpf
1125 2462 1296 2526 1227
1344 2457 1620 2545 (Ottonis
1651 2456 1820 2545 III.),
1871 2462 2128 2546 Stumpf
2168 2460 2341 2527 1584
2395 2456 2705 2543 (Heinrici
2734 2453 2859 2541 Π.).

624 2570 824 2633 Multa
869 2590 1056 2653 porro
1100 2574 1244 2634 sunt
1291 2566 1653 2652 diplomata,
1708 2570 1931 2653 quibus
1979 2569 2059 2635 de
2110 2568 2358 2653 „banno
2389 2560 2605 2651 regio“
2640 2567 2860 2650 agitur,

628 2696 708 2741 ex
754 2676 981 2758 quibus
1029 2696 1234 2759 pauca
1277 2676 1384 2740 hic
1431 2677 1694 2741 contuli:

807 2782 1064 2865 Stumpf
1111 2781 1240 2845 925
1299 2778 1382 2863 (a.
1431 2779 1619 2865 989):
1680 2789 1748 2847 ut
1802 2783 1868 2847 in
1916 2781 2139 2847 eodem
2182 2782 2323 2846 loco
2370 2777 2869 2845 Halverstatensi

629 2887 860 2954 dehinc
906 2894 1114 2953 teneat
1160 2894 1221 2952 et
1254 2887 1448 2952 faciat
1477 2896 1820 2954 mercatum
1852 2910 1927 2953 ac
1958 2894 2291 2970 monetam,
2342 2894 2529 2971 atque
2560 2887 2869 2953 teloneum

629 3002 692 3063 et
759 2996 1035 3060 bannum
1089 2994 1177 3059 ibi
1237 2996 1510 3079 accipiat
1566 2988 1629 3061 et
1685 2996 1841 3061 talia
1891 2995 2043 3080 jura
2095 2996 2379 3077 talesque
2436 2995 2737 3061 utilitates
2792 2994 2869 3059 de

630 3102 854 3169 eodem
897 3109 1194 3185 mercat0,
1245 3096 1515 3184 moneta,
1564 3104 1813 3167 teloneo
1862 3108 1925 3167 et
1970 3103 2177 3167 banno
2215 3100 2515 3185 deinceps
2552 3136 2641 3145 —
2672 3101 2868 3186 possi-

631 3209 822 3275 deant
853 3214 914 3272 et
943 3209 1276 3291 accipiant,
1314 3210 1476 3273 sicut
1498 3210 1777 3291 reliquae
1808 3209 2114 3291 civitates,
2142 3204 2580 3291 Magadaburg
2602 3214 2667 3274 et
2690 3208 2865 3291 aliae,

628 3322 842 3381 tenent
887 3335 962 3378 ac
1007 3315 1353 3398 possident.

811 3420 1066 3504 Stumpf
1102 3422 1230 3486 938
1267 3417 1352 3503 (a.
1388 3416 1575 3503 990):
1624 3427 1693 3486 ut
1720 3421 1959 3486 firmius
1990 3457 2079 3465 —-
2108 3428 2419 3487 mercatus
2452 3441 2594 3485 cum
2624 3427 2871 3486 moneta

633 3534 695 3593 et
737 3526 1030 3591 theloneo
1078 3529 1398 3610 consistat,
1447 3528 1688 3610 regium
1736 3531 2013 3593 nostrum
2057 3530 2331 3593 bannum
2370 3529 2519 3593 illuc
2566 3528 2866 3610 dedimuS,

631 3641 700 3699 ut
756 3634 958 3699 omnis
1016 3656 1239 3718 causa,
1313 3653 1760 3728 quaecunque*
1790 3635 1853 3699 in
1920 3635 2144 3700 eodem
2201 3636 2341 3699 loco
2399 3641 2619 3699 contra
2672 3635 2870 3718 legem

635 3742 855 3806 oborta
899 3741 1102 3825 fuerit,
1151 3762 1264 3826 per
1299 3741 1654 3825 jussionem
1692 3742 2053 3807 abbatissae
2082 3777 2171 3786 ——-
2203 3748 2419 3806 nostro
2451 3742 2627 3823 regio
2667 3742 2869 3805 banno

636 3848 720 3914 ad
767 3868 916 3913 suas
963 3868 1186 3931 manus
1233 3848 1598 3931 recipiendo
1648 3849 2010 3914 emendetur
2066 3855 2127 3913 et
2172 3849 2458 3931 legaliter
2509 3849 2865 3931 corrigatur.

817 3955 1074 4039 Stumpf
1117 3957 1286 4020 1067
1339 3951 1424 4039 (a.
1460 3950 1649 4038 996):
1698 3958 1780 4019 Et
1814 3956 2101 4021 omnibus
2134 3955 2387 4039 quidem
2420 3954 2689 4020 eundem
2716 3974 2870 4018 mer-

638 4068 845 4127 catum
903 4062 1358 4144 inquirentibus
1415 4062 1749 4145 pacificum
1803 4062 2040 4127 aditum
2086 4082 2163 4127 ac
2208 4062 2477 4127 reditum
2522 4061 2719 4127 nostri
2763 4061 2871 4124 im-

637 4168 896 4253 perialis
943 4168 1137 4233 banni
1183 4170 1572 4234 districtione
1618 4168 1876 4233 firmiter
1922 4170 2259 4234 sancimus.

820 4275 1075 4359 Stumpf
1127 4277 1295 4341 1869
1343 4271 1428 4357 (a.
1479 4271 1707 4357 1025):
1757 4281 2100 4340 mercatum
2145 4281 2207 4340 et
2251 4281 2568 4348 monetam
2602 4273 2871 4339 Ferdiun

641 4380 876 4445 habere
921 4382 1351 4465 permittimuS,
1399 4382 1674 4446 bannum
1720 4402 1974 4465 quoque
2014 4403 2091 4447 ac
2137 4384 2449 4448 teloneum
2486 4388 2551 4447 et
2579 4379 2873 4465 quicquid
