3209 5434
1752 528 1878 595 142

689 688 942 771 singula
1000 693 1062 752 et
1112 687 1410 753 universa
1453 686 1793 771 privilegia
1843 707 1885 751 a
1928 685 2484 771 predecessoribus
2536 684 2774 749 nostris
2816 683 2927 747 im-

687 794 1085 879 peratoribus
1131 813 1210 858 ac
1253 795 1507 878 regibus
1555 795 1981 859 Romanorum
2026 799 2089 857 et
2132 792 2501 859 nominatim
2545 791 2625 856 ab
2663 792 2927 874 impera·

685 906 822 965 tore
866 898 1190 965 Friderico
1206 949 1222 982 ,
1287 922 1524 984 proavo
1570 907 1816 982 nostro,
1880 900 1960 965 ab
2006 898 2385 983 imperatore
2428 898 2758 979 Heinrico,
2809 915 2925 961 avo

687 1013 921 1088 nostro,
975 1012 1036 1071 et
1082 1027 1122 1070 a
1155 1008 1560 1073 serenissimo
1595 1007 1851 1073 domino
1884 1006 2281 1091 imperatore,
2331 1011 2510 1090 patre
2540 1011 2777 1085 nostro,
2812 1003 2927 1072 eis-

689 1112 834 1177 dem
880 1112 1123 1177 indulta
1166 1113 1537 1179 auctoritate
1582 1114 1762 1197 regia
1806 1118 1868 1178 et
1912 1133 1993 1177 ex
2024 1114 2231 1196 gratia
2271 1119 2334 1179 et
2362 1116 2691 1196 potestate,
2741 1129 2927 1192 quam

691 1240 732 1284 a
779 1219 1181 1285 serenissimo
1229 1220 1484 1285 domino
1529 1220 1911 1304 imperatore
1958 1224 2138 1303 patre
2183 1225 2417 1301 nostr0,
2469 1237 2670 1301 nuper
2714 1236 2927 1281 sumus

691 1321 922 1409 adepti,
976 1326 1434 1409 confirmamus,
1453 1327 1768 1391 ·volentes
1816 1346 1895 1391 ea
1923 1327 2093 1391 velut
2121 1325 2426 1392 hactenus
2462 1325 2526 1389 in
2560 1344 2675 1390 suo
2706 1324 2929 1388 robore

693 1437 754 1497 et
796 1432 1016 1515 vigore
1061 1432 1300 1517 absque
1347 1434 1707 1517 calumpnia
1751 1433 1817 1497 in
1864 1439 2185 1518 posterum
2231 1451 2621 1516 permanere.
2701 1429 2928 1495 Statui-

688 1558 828 1603 mus
888 1539 1076 1622 igitur
1133 1546 1196 1605 et
1249 1541 1364 1605 sub
1409 1540 1917 1605 interminatione
1961 1540 2164 1624 gratie
2208 1545 2421 1604 nostre
2466 1537 2747 1603 districtc
2791 1556 2929 1620 pre-

692 1646 985 1730 cipimus,
1048 1653 1116 1709 ut
1174 1647 1348 1710 nulla
1407 1666 1683 1728 unquam
1738 1667 2015 1730 persona
2068 1645 2321 1711 humilis
2362 1643 2469 1710 ‘vel
2514 1646 2673 1726 alta,
2734 1644 2927 1709 eccle-

692 1752 952 1817 siastica
986 1752 1087 1818 vel
1125 1753 1447 1835 seculariS,
1495 1753 1642 1819 huic
1671 1754 1841 1819 facto
1872 1760 1935 1819 et
1965 1752 2423 1818 confirmationi
2454 1758 2670 1817 nostre
2700 1750 2929 1815 audeat

692 1857 1004 1923 contraire
1063 1860 1165 1923 vel
1221 1878 1379 1923 ausu
1434 1861 1768 1925 temerario
1826 1861 1893 1925 in
1950 1861 2162 1941 aliquo
2224 1860 2495 1924 obviare.
2580 1857 2765 1935 Quod
2820 1855 2929 1939 qui

691 1965 900 2030 facere
946 1966 1417 2049 presumpserit,
1463 1966 1624 2031 iram
1654 1975 1935 2033 nostram
1964 1987 2223 2049 gravem
2270 1966 2498 2031 sentiet
2534 1972 2597 2029 et
2626 1964 2929 2029 offensam

693 2078 756 2137 et
799 2092 1030 2155 penam
1076 2079 1286 2137 reatus
1335 2073 1433 2138 sui
1480 2080 1728 2139 centum
1774 2074 1967 2139 libras
2014 2073 2151 2137 auri
2207 2079 2573 2156 componat,
2633 2070 2929 2135 medieta-

690 2185 818 2245 tem
863 2199 1112 2244 camere
1170 2187 1412 2262 nostre,
1475 2180 1784 2263 reliquum
1842 2180 2055 2264 passis
2112 2179 2407 2265 injuriam
2451 2176 2927 2263 persolvendas.

691 2285 796 2350 Ad
841 2285 1026 2371 hujus
1074 2286 1284 2369 itaque
1329 2285 1480 2351 facti
1511 2287 1710 2351 nostri
1759 2292 1820 2352 et
1865 2286 2357 2352 confirmationis
2394 2286 2760 2351 memoriam
2804 2282 2930 2349 evi-

693 2392 945 2457 dentem
993 2399 1056 2456 et
1100 2393 1287 2457 robur
1331 2394 1396 2457 in
1425 2399 1746 2477 posterum
1777 2394 2114 2460 valiturum
2157 2413 2419 2479 presens
2467 2391 2699 2480 exinde
2741 2390 2931 2475 privi-

692 2500 928 2583 legium
975 2500 1287 2564 conscribi
1333 2506 1396 2565 et
1440 2500 1634 2583 sigilli
1665 2500 1864 2565 nostri
1896 2501 2238 2566 munimine
2272 2499 2579 2587 jussimus
2628 2496 2926 2564 roborari.

693 2608 918 2673 Testes
966 2606 1054 2670 hii
1101 2611 1270 2671 sunt:
1333 2606 1396 2671 S.
1441 2608 1821 2673 venerabilis
1866 2608 2272 2691 Magantinus
2319 2614 2382 2673 et
2428 2657 2441 2673 .
2479 2657 2494 2673 .
2514 2652 2547 2673 -.
2588 2655 2603 2670 .
2638 2655 2653 2671 .
2701 2606 2929 2670 Treve-

693 2714 898 2779 rensis
947 2712 1436 2797 archiepiscopi,
1496 2715 1568 2779 B.
1603 2714 2117 2797 ArgentinensiS,
2184 2764 2199 2779 .
2236 2764 2251 2779 .
2302 2713 2807 2794 Cameracensis,
2856 2760 2873 2777 .
2910 2760 2926 2775 .

696 2819 1206 2903 Osnaburgensis
1254 2819 1565 2904 episcopi,
1634 2820 1700 2885 O.
1738 2822 1935 2886 abbas
1982 2820 2348 2906 Fuldensis,
2408 2823 2486 2887 H.
2521 2820 2798 2885 marchio
2847 2817 2930 2883 de

694 2926 934 3009 Baden,
984 2927 1061 2990 H.
1098 2925 1226 2990 dux
1274 2925 1354 2991 de
1383 2926 1702 3011 Lunburg,
1754 2927 1827 2994 O.
1862 2927 2181 3011 Aquensis
2228 2934 2291 2993 et
2336 2978 2351 2993 .
2387 2978 2401 2993 .
2439 2978 2454 2993 .
2504 2926 2929 3013 Trajectensis

694 3032 998 3117 prepositi
1013 3028 1088 3116 ¹),
1144 3031 1212 3098 O.
1262 3034 1620 3117 prepositus
1667 3034 1749 3099 de
1793 3036 2046 3118 Tanne,
2109 3036 2335 3101 Comes
2381 3036 2802 3100 Walrammus
2846 3032 2940 3101 de'

693 3141 1107 3223 Lucilnburg,
1170 3159 1381 3203 comes
1426 3140 1498 3204 E.
1565 3140 1647 3206 de
1696 3142 1939 3225 Urach,
2002 3144 2079 3209 H.
2130 3142 2410 3209 marchio
2469 3141 2551 3207 de
2597 3143 2926 3224 Burgowe,

697 3267 906 3312 comes
953 3247 1030 3310 H.
1082 3245 1162 3310 de
1206 3246 1703 3330 Habichisburg,
1768 3268 1979 3315 comes
2025 3250 2101 3313 A.
2161 3249 2241 3315 de
2287 3247 2718 3331 Rodemburg‚
2778 3247 2931 3312 Ger-

693 3353 872 3418 lacus
919 3352 999 3417 de
1037 3345 1387 3435 Bfidingen,
1440 3353 1823 3419 Godefridus
1869 3356 1950 3422 de
1982 3356 2359 3438 Hohinloch,
2410 3358 2509 3422 W.
2560 3354 2802 3439 dapifer
2842 3352 2931 3418 de

696 3459 1001 3541 Bonlant,
1065 3460 1162 3524 W.
1214 3460 1518 3542 pincerna
1562 3460 1643 3525 de
1689 3461 1998 3547 Schiphe,
2057 3465 2130 3527 L.
2182 3461 2429 3547 dapifer
2474 3461 2555 3527 de
2601 3463 2925 3545 Walpurg,

697 3564 766 3631 G.
816 3566 1121 3649 pincerna
1178 3565 1259 3631 de
1303 3565 1785 3650 Winderstetin‚
1847 3568 1915 3634 O.
1972 3570 2279 3653 pincerna
2335 3569 2417 3634 dc
2460 3568 2927 3653 Glingineburg,

696 3673 1074 3738 Ludewicus
1121 3672 1201 3737 de
1248 3672 1530 3756 Schipha
1573 3680 1636 3737 et
1681 3674 1789 3738 alii
1835 3695 2023 3757 quam
2068 3677 2301 3760 plures

876 3799 1104 3861 Actum
1194 3790 1383 3879 [anno
1397 3790 1472 3881 ²)]
1563 3797 1878 3865 dominice
1954 3801 2408 3866 incarnationis
2482 3798 2927 3880 MCCXXXII,

697 3906 797 3970 ΙΠ
841 3905 1059 3970 Nonas
1073 3897 1122 3985 ³)
1167 3904 1457 3986 Augusti,
1507 3904 1851 4005 indic-tione
1895 3907 1970 3989 V,
2022 3928 2187 3973 anno
2234 3906 2414 3991 regni
2459 3905 2595 3991 ejus
2642 3906 2753 3971 XI.
2832 3960 2839 3972 ,

905 4032 910 4037 ”
1019 4028 1284 4111 Signum
1343 4027 1580 4094 domini
1626 4031 1908 4097 Heinrici
1952 4033 2377 4099 Romanorum
2432 4030 2601 4113 regis
2657 4028 2932 4094 invictis-

1124 4135 1266 4199 simi
1309 4129 1446 4218 (M).

877 4342 920 4405 ι)
957 4338 1048 4394 Sic
1082 4340 1138 4393 in
1177 4346 1390 4409 autogr.
1429 4343 1693 4411 Huillard,
1731 4359 1797 4399 eo
1834 4359 1944 4399 non
1978 4344 2246 4413 inspecto,
2286 4345 2427 4401 male
2463 4343 2778 4399 emendavit
2810 4357 2934 4411 pre-

699 4428 931 4495 positus.
1037 4429 1082 4494 2)
1119 4428 1295 4482 Deest
1329 4430 1384 4483 in
1421 4430 1780 4499 autographa
1889 4433 1933 4497 ⁸)
1971 4432 2220 4487 Huillard
2261 4433 2549 4503 „mensis“,
2588 4434 2741 4487 male.
