3209 5434
128 2075 609 2213 {Elm'ssifflu⁸³1

1777 502 1904 569 112

725 702 847 776 75.
932 697 1322 773 Heinrieus
1358 694 1477 773 IV.
1534 720 1667 772 rex
1733 696 2174 772 monasterio
2233 694 2305 773 S.
2345 694 2571 770 Blasii
2621 692 2965 769 immuni-

929 828 1149 897 tatem
1205 821 1599 897 confirmat.
1696 826 1922 913 1065,
1977 820 2146 897 Jun.
2190 826 2260 897 8.
2331 818 2711 895 Basileam.

900 981 967 1047 C.
1042 981 1117 1045 In
1161 980 1414 1047 nomine
1467 986 1687 1047 sancte
1745 986 1807 1045 et
1861 931 2198 1077 individuffe'
2225 980 2540 1045 trinitatis.
2623 975 2968 1043 Heinricus

723 1088 941 1153 divina
1008 1087 1258 1152 favente
1327 1088 1664 1154 clementia
1729 1106 1844 1152 rex
1885 1083 1928 1169 ΙΙ.
2021 1086 2127 1152 Ad
2193 1093 2561 1171 perpetuam
2635 1083 2824 1147 nobis
2904 1082 2968 1145 in

724 1195 975 1261 Christo
1022 1193 1381 1259 felicitatem
1429 1192 1739 1278 proficere
1793 1212 2147 1277 speramus,
2207 1193 2265 1259 si
2320 1193 2620 1275 ecclesias
2665 1189 2746 1254 ab
2791 1194 2968 1253 ante-

724 1302 1081 1367 cessoribus
1128 1301 1360 1375 nostris
1406 1300 1547 1365 Deo
1595 1306 1989 1365 constructas
2037 1299 2402 1382 defendere,
2454 1318 2649 1383 perpe
2720 1316 2760 1359 a
2801 1312 2968 1379 paee

724 1408 1004 1474 stabilire
1048 1428 1176 1472 non
1205 1407 1619 1491 neglegimus,
1639 1376 1849 1504 unde
1881 1406 2168 1471 omnibus
2201 1405 2434 1471 Christi
2461 1411 2607 1471 nost
2641 1404 2654 1419 '
2703 1422 2782 1467 ue
2813 1399 2968 1465 fide·

722 1516 885 1581 libus
930 1520 1059 1579 tam
1105 1514 1329 1579 futuris
1361 1533 1549 1595 quam
1595 1514 1992 1597 presentibus
2039 1519 2254 1617 notum
2283 1532 2430 1597 esse
2456 1513 2762 1591 volumus,
2813 1526 2972 1590 qua-

722 1622 865 1686 liter
903 1641 1022 1685 nos
1064 1621 1287 1685 cellam
1333 1620 1401 1685 in
1446 1620 1628 1685 silva‘
1653 1620 2027 1686 Swarz'walt
2067 1640 2110 1685 a
2143 1610 2332 1686 beate
2365 1619 2700 1685 Reinberto
2745 1614 2990 1679 haere-

710 1728 878 1791 mita
908 1733 1348 1810 constructam,
1384 1727 1463 1791 ab
1498 1726 1727 1793 Ottone
1759 1734 1967 1793 autem
1995 1710 2373 1811 imperatore
2401 1727 2539 1791 Deo
2571 1731 2632 1789 et
2653 1724 2717 1789 S.
2746 1722 2970 1787 Blasio

724 1854 868 1898 cum
912 1833 1070 1897 locis
1118 1832 1704 1917 circumjacentibus
1740 1841 1802 1899 et
1829 1834 2268 1899 terminatione
2302 1853 2516 1899 eorum
2547 1833 2612 1896 in
2641 1829 2972 1916 proprium

724 1941 1037 2024 traditam,
1088 1960 1475 2023 concessam,
1519 1940 1950 2005 confirmatam
1981 1942 2120 2006 Deo
2150 1948 2212 2006 et
2241 1939 2565 2024 praedicto
2597 1944 2819 2003 sancto
2857 1954 2972 2020 pro

725 2047 1003 2113 remedio
1050 2048 1300 2112 animae
1344 2053 1617 2129 nostrae,
1668 2048 1968 2113 instinctu
2013 2066 2262 2131 quoque
2300 2046 2580 2112 fidelium
2609 2051 2974 2109 nostrorum

724 2140 1695 2245 tradidimus,[confirmavimus,
1746 2154 1826 2219 ab
1858 2155 2134 2220 omnium
2155 2153 2303 2239 jure
2347 2152 2798 2237 separavimus
2879 2150 2975 2214 Ea

726 2262 1021 2328 videlicet
1064 2261 1337 2342 ratione,
1390 2266 1459 2324 ut
1503 2260 1569 2325 in
1616 2259 1838 2325 eadem
1883 2262 2353 2344 terminatione,
2403 2260 2526 2326 hoc
2571 2265 2667 2325 est
2713 2279 2756 2323 a
2795 2257 2974 2322 fonte

728 2367 1093 2434 Cheinbach
1138 2386 1339 2449 usque
1384 2366 1469 2431 ad
1515 2367 1733 2431 villam
1763 2354 2302 2434 Heinbensvanda
2347 2373 2408 2433 et
2452 2366 2602 2432 inde
2645 2385 2854 2449 usque
2893 2362 2976 2429 ad

730 2477 939 2541 locum
984 2472 1671 2557 Werenbrehtestvilla,
1721 2480 1784 2539 et
1828 2474 1916 2539 ita
1959 2494 2076 2560 per
2119 2474 2433 2540 declivum
2472 2473 2720 2556 montis,
2771 2492 2977 2555 usque

730 2601 851 2665 quo
913 2579 1376 2647 Suendenbach
1435 2581 1638 2646 influit
1691 2581 1949 2664 Albam,
2021 2581 2296 2665 indeque
2362 2600 2562 2664 usque
2625 2578 2712 2644 ad
2769 2586 2975 2644 ortum

730 2688 1035 2755 Steinaha
1111 2686 1385 2770 indeque
1452 2709 1652 2771 usque
1721 2687 1806 2753 ad
1871 2695 2147 2754 montem
2214 2686 2550 2754 Veltberch
2615 2686 2699 2751 ad
2771 2692 2976 2750 ortum

729 2794 923 2876 Albe,
984 2799 1046 2858 et
1101 2792 1251 2859 inde
1308 2814 1507 2877 usque
1564 2794 1652 2859 ad
1694 2795 1931 2879 locum,
1995 2796 2101 2861 ubi
2147 2795 2472 2862 Svarzaha
2529 2794 2658 2859 exit
2701 2792 2783 2858 de
2827 2793 2977 2857 lacu

731 2901 984 2967 Slbthse
1039 2906 1100 2965 et
1145 2899 1334 2985 juxta
1393 2901 1728 2967 decursum
1786 2902 2055 2986 predicti
2109 2901 2283 2968 fluvii
2335 2922 2538 2984 usque
2601 2900 2685 2965 ad
2741 2901 2972 2981 locum,

728 3007 837 3072 ubi
894 3006 1256 3073 Cheinbach
1325 3007 1527 3072 influit
1584 2982 1957 3092 Sffirzaha,
2034 3015 2097 3074 et
2162 3010 2254 3074 ita
2319 3028 2518 3091 usque
2586 3007 2670 3072 ad
2737 3006 2976 3072 fontem

732 3114 1097 3180 Cheinbach
1154 3115 1361 3179 nullus
1409 3113 1539 3179 dux
1596 3121 1706 3179 aut
1762 3134 1973 3181 comes
2033 3115 2136 3181 vel
2189 3116 2318 3181 alia
2362 3116 2578 3197 aliqua
2621 3113 2825 3199 major
2875 3114 2978 3179 vel

731 3221 936 3287 minor
980 3194 1825 3323 personaLinquietationem
1876 3223 2204 3288 monachis
2250 3223 2317 3288 in
2363 3221 2590 3288 eadem
2636 3221 2798 3286 cella
2842 3241 2975 3284 ma-

732 3328 1023 3393 nentibus
1069 3326 1300 3392 inferre
1345 3333 1685 3411 presumat.
1767 3327 1952 3406 Quod
1997 3329 2053 3393 si
2097 3328 2567 3413 presumpserit,
2617 3327 2830 3410 regiae
2866 3346 2977 3411 po-

733 3434 947 3499 testati
992 3431 1355 3518 subjacebit.
1427 3434 1698 3519 Insuper
1743 3434 1932 3499 etiam
1978 3456 2266 3501 mansum
2311 3456 2505 3500 unum
2547 3434 2615 3498 in
2661 3434 2815 3499 villa
2845 3434 2977 3497 Ha-

734 3539 1058 3623 haltingen
1120 3560 1159 3604 a
1213 3513 1610 3630 The6dJrico
1667 3541 2111 3647 Basileiensisc
2135 3543 2402 3652 ecclesie
2459 3542 2760 3625 episcopo
2823 3539 2977 3604 illuc

734 3646 1032 3712 traditum
1079 3652 1140 3711 et
1186 3648 1449 3712 alterum
1486 3646 1946 3713 Brunnaderon
1991 3618 2361 3819 terffamque
2407 3653 2651 3732 partem
2681 3649 2978 3730 Wangen

737 3752 943 3819 eidem
1003 3754 1159 3835 celle
1219 3754 1744 3820 confirmavimus.
1827 3754 1909 3819 Et
1965 3760 2032 3819 ut
2127 3776 2244 3821 aec
2287 3762 2506 3821 nostra
2549 3754 2783 3837 regalis
2828 3773 2980 3818 eon-

736 3858 1006 3925 firmatio
1086 3860 1331 3926 stabilis
1410 3866 1473 3926 et
1551 3861 1926 3926 inconvulsa
2003 3861 2173 3926 omni
2240 3867 2610 3946 permaneat
2672 3867 2975 3943 tempore,

736 3966 904 4031 hanc
950 3972 1188 4032 cartam
1237 3967 1549 4033 conscribi
1594 3987 1909 4050 manuque
1955 3968 2216 4052 propria
2259 3968 2736 4034 corroborantes
2781 3967 2978 4051 sigilli

735 4074 938 4141 nostri
981 4074 1398 4157 impressione
1434 4072 1744 4158 jussimus
1789 4074 2098 4157 insigniri.

1059 4179 1321 4263 Signum
1368 4179 1583 4245 domni
1628 4180 1910 4245 Heinrici
1954 4176 2074 4263 (M)
2119 4168 2324 4265 qussrti
2369 4180 2558 4264 regis,

1060 4284 1449 4369 Sigehardus
1483 4286 1900 4352 cancellarius
1930 4286 2070 4352 vice
2101 4266 2399 4370 Sigesridi
2436 4287 2982 4353 archicancellarii

1165 4410 1523 4475 recognovi.

1103 4564 1111 4582 Ι

750 4608 763 4617 ἱ
805 4603 815 4611 -
864 4612 871 4619 h
1010 4624 1022 4632 “
1220 4587 1233 4614 5
1384 4608 1394 4631 ἵ
1973 4607 1986 4634 Ι
2063 4604 2101 4637 *ο
3018 4595 3052 4610 Ἰ

664 4659 675 4676 ”
788 4633 817 4675 ι..
899 4664 930 4698 ¹“
969 4662 1048 4713 Η..
1098 4591 1186 4705 ἔμ’
1218 4619 1245 4695 ,f
1338 4632 1434 4710 ’.εἴ
1464 4617 1812 4715 ιῆ-ιΙ-Ιι.,““.“θ”’“.η
1849 4668 1858 4680 “
1890 4663 2008 4698 Σ’”“·ο
2043 4655 2052 4668 ⁷
2109 4622 2188 4705 fr?
2216 4660 2314 4713 'Lex
2374 4596 2895 4717 I-*el‘fflql-Ol
2945 4617 3089 4689 “2⁸1¹''

1613 4730 1622 4747 Ι

3122 1394 3125 1447 l

3123 1449 3125 1483 ι
