3209 5434
1776 232 1901 298 128

712 396 904 456 cetur.
976 392 1043 455 Si
1092 391 1232 472 quis
1279 396 1487 455 autem
1533 391 1809 473 aliquem
1856 389 2159 455 occiderit
2203 401 2263 453 et
2311 389 2391 453 de
2439 389 2776 453 humieidin
2812 409 2948 453 esn-

709 497 911 563 victus
956 496 1157 579 fuerit,
1198 495 1271 580 ju
1318 496 1458 561 ulus
1507 495 1565 561 ei
1593 496 2039 580 proscribatur.
2111 497 2179 561 Si
2215 497 2351 577 quis
2387 517 2535 559 reru
2567 497 2756 557 slieui
2790 493 2952 557 huus

710 621 829 668 sua
874 607 1094 666 contra
1129 601 1284 685 justi
1313 622 1441 666 lam
1488 602 1831 686 abstulerit,
1890 607 1998 667 aut
2043 605 2311 685 aliquem
2359 601 2523 665 infru
2571 601 2792 665 utrium
2844 621 2952 665 sue

709 708 1057 773 mansionis
1117 708 1422 773 violenter
1476 708 1807 791 invaserit,
1869 728 2014 773 reus
2071 709 2247 793 pseis
2303 709 2624 773 habeatur.
2700 705 2768 769 Si
2816 705 2948 789 quis

555 900 574 909 ν
712 821 921 880 autem
952 834 1066 898 pro
1102 834 1216 879 suo
1243 814 1498 879 arbitrio
1524 822 1744 900 contra
1765 815 2056 898 aliquem,
2093 817 2175 901 inj
2187 821 2355 877 ustus
2383 809 2760 893 inimieiss1)
2784 833 2952 877 eser-

108 875 646 994 (CCVCWUWWZ)
712 941 893 1003 cens,
954 920 1172 1004 iniqua
1228 921 1621 1004 querimonia
1670 894 2039 1005 'affluerit
2095 929 2155 985 et
2211 921 2287 985 ub
2339 941 2411 985 eu
2463 921 2948 985 satisfuetinnem

712 1028 1034 1112 suscipere
1079 1027 1364 1111 noluerit,
1416 1027 1529 1093 sub
1576 1029 2038 1113 proscriptione
2083 1029 2479 1113 imperaturis
2523 1025 2844 1106 habeatur,
2896 1033 2952 1089 et

712 1134 768 1201 si
815 1154 1005 1218 super
1050 1134 1171 1199 hoc
1216 1134 1382 1199 infra
1428 1134 1742 1200 civitatem
1787 1155 2044 1200 manere
2087 1133 2555 1217 presumpserit,
2608 1133 2948 1217 deprehen-

712 1241 896 1306 datur
952 1246 1014 1306 et
1072 1241 1326 1305 domino
1384 1241 1746 1324 imperatori
1801 1241 2155 1326 puniendus
2211 1249 2579 1305 reserretur.
2672 1237 2948 1305 Termini

709 1369 860 1414 vero
918 1348 1102 1434 hujus
1161 1347 1340 1431 pacis
1398 1346 1854 1433 protendantur
1913 1348 1997 1412 ad
2051 1349 2375 1413 ulteriores
2423 1349 2579 1409 fines
2631 1349 2948 1409 ⁷rinesrum

711 1462 775 1520 et
827 1474 1027 1537 usque
1081 1454 1167 1520 ad
1225 1455 1440 1519 hortos
1486 1454 1778 1519 Mecelini
1834 1459 1897 1519 et
1941 1454 2025 1519 ad
2071 1457 2227 1517 fines
2275 1453 2624 1517 eommunis
2668 1453 2948 1537 pssehue

710 1561 1115 1644 burgensium
1172 1568 1234 1627 et
1290 1560 1374 1626 ad
1429 1560 1633 1644 ripam
1678 1560 1980 1643 Primme,
2039 1561 2143 1625 ubi
2191 1561 2391 1625 influit
2439 1561 2503 1625 iu
2551 1525 2812 1649 ssuum.
2884 1559 2948 1621 Si

713 1668 853 1751 quis
901 1673 1108 1732 autem
1153 1667 1558 1750 burgensium
1604 1671 1785 1731 extra
1829 1649 2139 1733 civitatem
2187 1669 2379 1733 elium
2407 1669 2784 1749 burgensem
2816 1685 2948 1749 per-

712 1793 986 1857 sequens
1012 1839 1031 1881 γ
1055 1773 1121 1837 in
1184 1774 1394 1856 aliquo
1452 1774 1643 1838 totius
1700 1773 1949 1858 imperii
2004 1774 2143 1838 loen
2203 1781 2423 1841 euntrs,
2479 1781 2712 1837 statut-s.
2768 1773 2948 1857 hujus

711 1882 891 1966 pacis
925 1879 1334 1964 inquietando
1364 1879 1685 1962 invaserit,
1734 1879 2039 1946 habeatur
2066 1881 2243 1965 pseis
2279 1881 2575 1973 violatur}
2596 1901 2672 1945 se
2704 1881 2760 1945 si
2792 1877 2952 1941 infrs

714 1987 1029 2053 civitatem
1074 1984 1242 2051 idem
1286 1984 1562 2051 fecisset.
1634 1986 1792 2050 Item
1839 1987 1894 2051 si
1942 1987 2079 2070 quis
2127 1953 2547 2079 burgensijssn-
2579 2005 2760 2049 suum
2808 2005 2948 2081 fflflg

712 2093 1089 2177 burgensem
1137 2113 1326 2175 super
1371 2091 1587 2175 aliqua
1634 2112 1830 2157 causa
1873 2095 2135 2159 voluerit
2183 2097 2495 2177 impetere,
2551 2113 2764 2157 euru-m
2784 2093 2948 2177 judi-

3104 1416 3108 1472 Ι

712 2198 889 2264 cibus
935 2199 1057 2264 hoc
1101 2197 1295 2263 faciat
1338 2203 1401 2262 et
1446 2218 1519 2263 eo
1557 2198 1704 2282 jure
1751 2206 2075 2265 contentus
2127 2201 2223 2281 sit,
2275 2201 2439 2282 quud
2475 2201 2531 2265 ei
2551 2201 2804 2285 judiees
2840 2219 2948 2281 per

188 2366 198 2398 ‚
246 2389 274 2402 ..
298 2322 434 2410 ,ᾗῇ
462 2359 535 2401 „2
712 2306 1087 2372 sententiam
1134 2303 1480 2369 secundum
1494 2302 1508 2323 ·’
1516 2303 1668 2389 jura
1713 2306 1982 2373 civitatis
2030 2306 2419 2389 dietsrerint,
2471 2313 2531 2373 et
2575 2329 2700 2373 uun
2740 2309 2948 2437 appreh

143 2390 316 2470 ‘³⁴:⁷⁴5‘
472 2401 509 2419 ‘
710 2396 939 2478 let‘'ad
993 2411 1297 2496 majorem
1350 2410 1755 2477 audientiam.
1828 2413 1930 2477 Ad
1978 2413 2511 2478 confirmatiunem
2559 2413 2768 2497 itaque
2812 2433 2948 2493 pre-

141 2505 181 2615 ι]
205 2496 300 2668 {3²
340 2525 406 2594 ΞΣ
713 2518 880 2582 dicte
938 2518 1118 2600 pacis
1177 2538 1254 2583 ex
1301 2517 1601 2582 mandato
1660 2519 1972 2605 imperiali
2015 2520 2143 2585 XII
2191 2521 2628 2585 ministeriales
2684 2521 2948 2585 e-ee-lesie

712 2624 1195 2690 wormatiensis
1242 2630 1303 2689 et
1347 2625 1636 2689 XXVIII
1680 2625 2025 2709 burgenses
2071 2633 2443 2709 statuentur,
2503 2629 2608 2709 qui
2656 2625 2732 2689 de
2776 2625 2948 2689 inru-

714 2730 893 2797 sione
950 2731 1290 2796 ledentium
1349 2738 1410 2797 et
1467 2733 1742 2798 lesorum
1799 2753 1840 2797 a
1893 2733 2155 2797 testibus
2215 2733 2640 2797 testimenium
2692 2731 2948 2797 audiunt

713 2843 776 2904 et
820 2836 1165 2903 secundum
1209 2838 1535 2903 veritatem
1580 2839 1833 2904 testium
1879 2839 2255 2925 discernunt,
2315 2849 2375 2905 et
2423 2841 2475 2905 si
2523 2837 2784 2921 predieti
2832 2837 2948 2901 XL

702 2942 957 3029 judices
1015 2944 1082 3007 in
1137 2945 1349 3027 aliquo
1400 2944 1921 3029 discordaverint,
1973 2945 2267 3011 standum
2315 2949 2431 3009 erit
2463 2945 2704 3029 judieiu
2756 2945 2948 3029 psi-tis

712 3050 991 3134 majoris.
1073 3049 1143 3115 Si
1188 3050 1329 3131 quis
1377 3057 1583 3117 autem
1618 3050 1906 3135 judicum
1952 3052 2195 3117 ratiune
2239 3053 2800 3137 eunssnguinitstis
2852 3053 2948 3117 vel

715 3156 912 3239 precii
970 3156 1103 3220 sive
1162 3156 1493 3240 cujuslibet
1538 3158 1896 3223 occasionis
1944 3179 2119 3223 reum
2167 3161 2439 3241 uliquem
2483 3161 2648 3225 male
2700 3157 2944 3241 ingenie

713 3261 873 3327 tueri
929 3267 992 3326 et
1036 3266 1254 3326 eontra
1288 3262 1730 3347 juramentum,
1782 3264 1953 3347 quod
1995 3264 2159 3349 feeit,
2211 3269 2311 3333 vel
2359 3269 2752 3333 inuueentem
2796 3285 2944 3329 eun·
3104 3275 3108 3373 l

714 3366 1058 3452 dempnare
1112 3371 1572 3452 attemptaverit
1631 3376 1694 3435 et
1748 3371 1828 3436 de
1872 3372 1996 3437 hoc
2052 3373 2375 3437 convietus
2431 3373 2616 3437 fuerit
2664 3393 2772 3453 per
2816 3377 2944 3433 tres

662 3466 667 3472 ⁵
704 3472 977 3558 judiceS,
1028 3494 1176 3540 suos
1222 3475 1519 3540 videlicet
1563 3482 1908 3560 consorteS,
1959 3477 2039 3543 de
2087 3481 2399 3541 eunsnrtin
2443 3497 2656 3541 eurum
2688 3477 2944 3557 ignemi-

715 3580 897 3645 niose
944 3581 1235 3663 eiciatur3
1296 3581 1585 3664 insuper,
1651 3582 1707 3647 si
1750 3582 1984 3648 habere
2029 3585 2283 3668 peterit,
2351 3585 2432 3645 sd
2479 3585 2788 3649 eumulum
2836 3601 2940 3645 sue

715 3685 1183 3770 dampnationis
1241 3693 1304 3752 et
1348 3706 1509 3770 pene
1555 3688 1696 3753 VII.
1744 3689 1938 3753 libras
1985 3691 2463 3757 Wnrmatiensis
2519 3697 2768 3753 menete
2811 3709 2944 3769 per-

714 3796 951 3860 solvat:
1001 3800 1129 3860 tres
1176 3793 1418 3858 scilicet
1447 3794 1766 3878 episcopo,
1817 3794 1976 3859 duas
2012 3794 2331 3879 judieibus
2379 3805 2439 3861 el:
2471 3797 2744 3877 reliquas
2792 3793 2944 3857 duas

712 3900 1026 3967 advocato
1073 3906 1137 3966 et
1182 3900 1446 3965 sculteto
1493 3904 1556 3965 et
1602 3899 1893 3967 officiatis
1940 3921 2171 3985 corum,
2219 3901 2327 3985 qui
2371 3905 2563 3985 vulgo
2612 3901 2944 3965 umbitmsu

891 4124 933 4189 ¹)
972 4122 1069 4177 sic.
1100 4122 1424 4193 legendum:
1462 4123 1796 4179 inimicitias.
