3209 5434
1268 529 1351 593 79

188 723 313 793 57.
397 717 810 795 Fridericus
855 718 939 795 Π.
1002 720 1199 797 cives
1252 686 1827 799 Wormatienses·
1875 725 2215 802 theloneo
2274 726 2424 827 Op-

396 843 904 942 penheimensi
960 846 1229 921 eximit.
1326 852 1551 940 1243,
1608 848 1796 944 Aug.
1856 850 2134 925 Ariani.

261 1022 264 1027 ·
364 1002 723 1069 Fridericus
791 1004 916 1069 Dei
996 1005 1205 1089 gratia
1270 1006 1696 1072 Romanorum
1761 1006 2102 1091 imperator
2177 1028 2427 1093 semper

185 1115 521 1204 augustuS,
582 1111 937 1177 Jerusalem
996 1118 1058 1177 et
1101 1112 1317 1179 Sicilie
1373 1133 1503 1178 rex,
1584 1115 1835 1179 Tenere
1890 1115 2274 1199 presentium
2319 1135 2428 1181 no-

184 1221 318 1281 tum
371 1215 508 1282 fieri
561 1218 849 1283 volumus
906 1219 1246 1302 universiS,
1312 1218 1485 1303 quod
1539 1240 1660 1287 nos
1713 1228 2070 1305 respectum
2122 1222 2426 1287 habentes

187 1320 275 1387 ad
318 1314 502 1407 grata
545 1324 732 1390 valde
784 1329 848 1390 et
894 1324 1113 1391 fidelia
1160 1326 1461 1410 servicia,
1524 1347 1646 1410 que
1701 1328 1871 1393 cives
1916 1307 2511 1398 warmacienses''=

185 1428 409 1496 fideles
453 1431 654 1496 nostri
697 1432 879 1497 nobis
928 1437 990 1496 et
1032 1432 1296 1516 imperio
1342 1432 1737 1499 incessanter
1782 1434 2094 1519 exhibent,
2150 1442 2213 1501 et
2258 1433 2429 1519 quod

188 1534 276 1601 ad
316 1503 969 1623 oppugnacionem‘l'let
1013 1538 1445 1605 confusionem
1489 1540 1816 1605 rebellium
1863 1548 2218 1607 nostrorum
2261 1543 2426 1607 vires
2451 1541 2498 1623 ,lp

189 1662 342 1709 suas
374 1650 624 1709 strenue
655 1651 1006 1729 exerceant,
1048 1652 1462 1730 personarum
1494 1666 1748 1711 suarum
1778 1648 2101 1714 laboribus
2133 1655 2194 1715 et
2222 1668 2430 1713 rerum

189 1748 541 1834 dispendiis
588 1772 715 1817 non
748 1746 1099 1835 parcentes,
1151 1753 1327 1837 ipsos
1376 1753 1456 1819 de
1486 1754 1751 1839 speciali
1782 1755 1988 1838 gratia
2017 1762 2250 1839 nostra,
2303 1775 2431 1839 qua

189 1856 287 1922 eis
296 1842 569 1923 “meritis
626 1860 762 1924 suis
813 1851 1216 1943 poscentibus
1264 1860 1626 1944 specialiter
1683 1861 2116 1944 confovemus,
2179 1880 2220 1927 a
2265 1862 2431 1927 solu·
2482 1890 2498 1911 c

190 1963 375 2030 cione
428 1964 706 2031 thelonei
761 1985 956 2050 super
995 1967 1241 2031 Renum
1297 1966 1469 2051 apud
1516 1967 1915 2051 oppenheim
1961 1968 2254 2033 duximus
2301 1969 2432 2034 exi-

187 2070 485 2156 mendoS,
545 2078 614 2137 ut
669 2073 841 2139 nullo
897 2093 978 2138 ex
1036 2093 1205 2139 nunc
1259 2073 1464 2138 futuro
1509 2080 1792 2159 tempore
1846 2075 1913 2140 in
1958 2074 2242 2159 predicto
2289 2076 2430 2141 loco

189 2177 278 2245 ad
323 2178 709 2245 solucionem
766 2179 1034 2266 alicujus
1090 2180 1365 2245 thelonei
1418 2185 1764 2247 teneantur.
1847 2181 1952 2246 Ad
1997 2181 2182 2267 hujus
2241 2182 2432 2266 igitur

187 2292 407 2352 nostre
452 2273 880 2372 exempcionis
926 2275 1291 2354 memoriam
1343 2306 1608 2373 presens
1657 2288 1960 2373 scriptum
2013 2288 2151 2355 fieri
2196 2294 2258 2354 et
2301 2308 2431 2354 ma-

177 2392 436 2478 jestatis
480 2400 694 2459 nostre
740 2394 951 2477 sigillo
986 2393 1296 2479 jussimus
1342 2395 1730 2461 communiri.

370 2519 606 2584 Datum
650 2518 891 2602 Ariani,
950 2538 1116 2583 anno
1166 2519 1481 2585 dominice
1524 2517 1978 2585 incarnationis
2022 2518 2429 2603 MCCXLIII,

185 2645 411 2691 mense
457 2625 725 2710 augusti,
773 2626 978 2709 prime
1023 2624 1405 2691 indictionis.

285 2755 354 2804 Ex
402 2756 683 2817 autographo
734 2757 783 2803 in
833 2755 1057 2803 tabulario
1103 2756 1428 2803 Wormatiensi
1485 2759 1734 2804 asservato.
1805 2754 1940 2803 Edid.
1987 2757 2206 2803 mendose
2254 2755 2433 2815 Moritz,

378 2836 697 2883 Reichsstiidte
728 2837 923 2897 append.
942 2837 1029 2900 .N⁰·
1050 2836 1123 2883 15.
1153 2832 1637 2906 Huillard-Brehglles‚
1663 2836 1781 2883 Hist.
1799 2836 1910 2895 dipl.
1925 2836 2146 2884 Friderici
2161 2837 2217 2895 11,
2232 2836 2311 2894 VI,
2329 2838 2434 2885 108.

389 2940 438 2947 -
474 2915 685 2973 Bohmer‚
713 2916 827 2974 Reg.
848 2915 1066 2963 Frideric.
1090 2916 1147 2972 11,
1174 2917 1313 2963 1050.

198 3164 325 3234 58.
409 3156 833 3235 Wilhelmus
867 3181 1001 3233 rex
1055 3157 1348 3233 civibus.
1370 3156 2020 3236 Wormatiensibus
2060 3179 2309 3232 omnes
2345 3156 2432 3229 li-

410 3281 726 3358 bertates
754 3286 1065 3384 juraque
1104 3282 1347 3357 omnia
1383 3283 1778 3357 confirmat.
1846 3287 2072 3375 1269,
2109 3281 2270 3356 Jan.
2312 3286 2430 3355 10.

410 3405 700 3485 Werde.

375 3566 752 3632 Wilhelmus
785 3566 909 3632 Dei
954 3565 1171 3649 gratia*
1190 3566 1616 3631 Romanorum
1661 3586 1773 3631 rex
1819 3554 2068 3650 semper
2111 3569 2433 3649 augustus.

194 3673 477 3748 Sculteto
489 3723 506 3756 ,
576 3673 853 3738 scabinis
912 3679 975 3738 et
1036 3673 1349 3738 universis
1410 3672 1651 3738 civibus
1711 3672 2279 3737 Wormatiensibus
2347 3670 2439 3735 di·

193 3780 380 3846 lectis
425 3779 716 3845 fidelibus
764 3780 896 3844 suis
942 3780 1211 3863 gratiam
1257 3800 1438 3844 suam
1470 3785 1533 3845 et
1562 3798 1748 3844 omne
1776 3778 2028 3843 bonum.
2100 3776 2439 3843 Devotioni

192 3893 409 3953 vestre
455 3893 743 3952 cunctam
788 3885 871 3951 de
916 3886 1099 3951 nobis
1144 3887 1355 3952 inesse
1400 3887 1689 3950 volumus
1733 3884 2046 3967 fiduciam,
2099 3882 2267 3966 quod
2314 3882 2439 3947 sin-

195 3997 352 4079 gula
395 4000 458 4061 et
501 3994 799 4060 universa
843 3993 1160 4058 libertates
1209 3998 1272 4057 et
1305 3991 1455 4076 jura
1498 3991 1678 4056 vobis
1732 4012 1774 4055 a
1819 3990 1982 4055 divis
2030 3989 2439 4075 predecesso-

194 4102 371 4167 ribus
418 4101 650 4167 nostris
694 4101 1120 4165 Romanorum
1164 4098 1647 4183 imperatoribus
1695 4103 1758 4161 et
1801 4096 2054 4180 regibus
2099 4094 2334 4160 tradita
2379 4101 2444 4161 et

198 4228 509 4274 concessa
564 4208 847 4273 minuere
902 4226 1032 4273 non
1088 4204 1468 4271 intendimus
1516 4201 1635 4269 sed
1688 4191 1948 4286 augere,
2008 4201 2440 4286 promittentes

194 4314 380 4380 vobis
425 4313 870 4381 inviolabiliter
916 4313 1253 4379 observare
1298 4317 1360 4376 et
1391 4316 1634 4375 tantam
1662 4310 1843 4375 vobis
1879 4307 1959 4374 de
1989 4315 2208 4375 nostra
2235 4308 2444 4393 gratia

198 4420 647 4486 confidentiam
691 4421 1047 4503 elargimur,
1098 4418 1267 4502 quod
1312 4438 1441 4483 non
1486 4419 1692 4482 solum
1730 4435 1846 4482 vos
1876 4415 2234 4500 Christiani,
2282 4435 2442 4501 quos
