<?xml version="1.0" encoding="UTF-8"?>
<!DOCTYPE html PUBLIC "-//W3C//DTD XHTML 1.0 Transitional//EN"
    "http://www.w3.org/TR/xhtml1/DTD/xhtml1-transitional.dtd">
<html xmlns="http://www.w3.org/1999/xhtml" xml:lang="en" lang="en">
 <head>
  <title>
</title>
<meta http-equiv="Content-Type" content="text/html;charset=utf-8" />
  <meta name='ocr-system' content='tesseract 3.04.00' />
  <meta name='ocr-capabilities' content='ocr_page ocr_carea ocr_par ocr_line ocrx_word'/>
</head>
<body>
  <div class='ocr_page' id='page_1' title='image "./diplomatacentum00bresgoog_0051.png"; bbox 0 0 3209 5434; ppageno 0'>
   <div class='ocr_carea' id='block_1_1' title="bbox 2199 0 3109 3">
    <p class='ocr_par' dir='ltr' id='par_1_1' title="bbox 2199 0 3109 3">
     <span class='ocr_line' id='line_1_1' title="bbox 2199 0 3109 3; baseline 0 0"><span class='ocrx_word' id='word_1_1' title='bbox 2199 0 3109 3; x_wconf 95' lang='lat' dir='ltr'><strong> </strong></span> 
     </span>
    </p>
   </div>
   <div class='ocr_carea' id='block_1_2' title="bbox 1380 503 1461 566">
    <p class='ocr_par' dir='ltr' id='par_1_2' title="bbox 1380 503 1461 566">
     <span class='ocr_line' id='line_1_2' title="bbox 1380 503 1461 566; baseline 0 0"><span class='ocrx_word' id='word_1_2' title='bbox 1380 503 1461 566; x_wconf 84' lang='lat'><strong>31</strong></span> 
     </span>
    </p>
   </div>
   <div class='ocr_carea' id='block_1_3' title="bbox 283 657 2542 953">
    <p class='ocr_par' dir='ltr' id='par_1_3' title="bbox 283 657 2542 953">
     <span class='ocr_line' id='line_1_3' title="bbox 283 657 2542 743; baseline 0.002 -20"><span class='ocrx_word' id='word_1_3' title='bbox 283 657 472 724; x_wconf 90' lang='lat' dir='ltr'><strong>Data</strong></span> <span class='ocrx_word' id='word_1_4' title='bbox 523 659 648 724; x_wconf 88' lang='lat' dir='ltr'><strong>XII</strong></span> <span class='ocrx_word' id='word_1_5' title='bbox 698 657 1013 724; x_wconf 82' lang='lat' dir='ltr'>kalendas</span> <span class='ocrx_word' id='word_1_6' title='bbox 1070 659 1466 743; x_wconf 84' lang='lat' dir='ltr'><strong>Decembris,</strong></span> <span class='ocrx_word' id='word_1_7' title='bbox 1541 680 1710 726; x_wconf 90' lang='lat' dir='ltr'><strong>anno</strong></span> <span class='ocrx_word' id='word_1_8' title='bbox 1780 660 2232 728; x_wconf 88' lang='lat' dir='ltr'><strong>incarnationis</strong></span> <span class='ocrx_word' id='word_1_9' title='bbox 2302 661 2542 728; x_wconf 89' lang='lat' dir='ltr'><strong>domini</strong></span> 
     </span>
     <span class='ocr_line' id='line_1_4' title="bbox 285 764 2541 849; baseline 0.002 -20"><span class='ocrx_word' id='word_1_10' title='bbox 285 764 497 829; x_wconf 83' lang='lat' dir='ltr'><strong>nostri</strong></span> <span class='ocrx_word' id='word_1_11' title='bbox 565 765 721 830; x_wconf 87' lang='lat' dir='ltr'><strong>Jesu</strong></span> <span class='ocrx_word' id='word_1_12' title='bbox 789 764 1022 830; x_wconf 81' lang='lat' dir='ltr'><strong>Christi</strong></span> <span class='ocrx_word' id='word_1_13' title='bbox 1087 765 1213 848; x_wconf 90' lang='lat' dir='ltr'><strong>MI,</strong></span> <span class='ocrx_word' id='word_1_14' title='bbox 1292 765 1540 849; x_wconf 88' lang='lat' dir='ltr'><strong>imperii</strong></span> <span class='ocrx_word' id='word_1_15' title='bbox 1610 765 1825 832; x_wconf 90' lang='lat' dir='ltr'><strong>domni</strong></span> <span class='ocrx_word' id='word_1_16' title='bbox 1901 766 2147 834; x_wconf 90' lang='lat' dir='ltr'><strong>Ottonis</strong></span> <span class='ocrx_word' id='word_1_17' title='bbox 2192 769 2309 848; x_wconf 90' lang='lat' dir='ltr'><strong>VI,</strong></span> <span class='ocrx_word' id='word_1_18' title='bbox 2380 767 2541 834; x_wconf 90' lang='lat' dir='ltr'><strong>indi—</strong></span> 
     </span>
     <span class='ocr_line' id='line_1_5' title="bbox 287 847 1777 953; baseline 0.002 -18"><span class='ocrx_word' id='word_1_19' title='bbox 287 869 481 937; x_wconf 86' lang='lat' dir='ltr'><strong>cione</strong></span> <span class='ocrx_word' id='word_1_20' title='bbox 499 865 548 953; x_wconf 86' lang='lat'><strong>¹)</strong></span> <span class='ocrx_word' id='word_1_21' title='bbox 591 847 1030 952; x_wconf 36' lang='lat' dir='ltr'><strong>XV.dffictum</strong></span> <span class='ocrx_word' id='word_1_22' title='bbox 1073 872 1392 938; x_wconf 88' lang='lat' dir='ltr'><strong>Ravenne.</strong></span> <span class='ocrx_word' id='word_1_23' title='bbox 1465 873 1777 938; x_wconf 86' lang='lat' dir='ltr'><strong>Feliciter.</strong></span> 
     </span>
    </p>
   </div>
   <div class='ocr_carea' id='block_1_4' title="bbox 392 999 2539 1178">
    <p class='ocr_par' dir='ltr' id='par_1_4' title="bbox 392 999 2539 1178">
     <span class='ocr_line' id='line_1_6' title="bbox 392 999 2539 1065; baseline 0.003 -19"><span class='ocrx_word' id='word_1_24' title='bbox 392 999 460 1049; x_wconf 82' lang='lat' dir='ltr'><strong>Ex</strong></span> <span class='ocrx_word' id='word_1_25' title='bbox 491 1000 771 1061; x_wconf 68' lang='lat' dir='ltr'><strong>autographo</strong></span> <span class='ocrx_word' id='word_1_26' title='bbox 811 1001 861 1048; x_wconf 90' lang='lat' dir='ltr'><strong>in</strong></span> <span class='ocrx_word' id='word_1_27' title='bbox 891 1001 1115 1048; x_wconf 81' lang='lat' dir='ltr'><strong>tabulario</strong></span> <span class='ocrx_word' id='word_1_28' title='bbox 1148 1002 1195 1048; x_wconf 87' lang='lat' dir='ltr'><strong>S.</strong></span> <span class='ocrx_word' id='word_1_29' title='bbox 1216 1001 1384 1050; x_wconf 85' lang='lat' dir='ltr'><strong>Fedele</strong></span> <span class='ocrx_word' id='word_1_30' title='bbox 1415 1003 1746 1050; x_wconf 77' lang='lat' dir='ltr'><strong>Mediolanensi</strong></span> <span class='ocrx_word' id='word_1_31' title='bbox 1786 1006 2018 1051; x_wconf 80' lang='lat' dir='ltr'><strong>asservato</strong></span> <span class='ocrx_word' id='word_1_32' title='bbox 2060 1004 2307 1065; x_wconf 75' lang='lat' dir='ltr'><strong>descrIpsit</strong></span> <span class='ocrx_word' id='word_1_33' title='bbox 2348 1007 2396 1052; x_wconf 85' lang='lat' dir='ltr'><strong>et</strong></span> <span class='ocrx_word' id='word_1_34' title='bbox 2425 1005 2539 1052; x_wconf 80' lang='lat' dir='ltr'><strong>mihi</strong></span> 
     </span>
     <span class='ocr_line' id='line_1_7' title="bbox 485 1076 2533 1178; baseline 0.002 -52"><span class='ocrx_word' id='word_1_35' title='bbox 485 1076 630 1127; x_wconf 82' lang='lat' dir='ltr'><strong>dedit&#39;</strong></span> <span class='ocrx_word' id='word_1_36' title='bbox 651 1079 707 1126; x_wconf 80' lang='lat' dir='ltr'><strong>R.</strong></span> <span class='ocrx_word' id='word_1_37' title='bbox 737 1079 939 1140; x_wconf 84' lang='lat' dir='ltr'><strong>Kiepert.</strong></span> <span class='ocrx_word' id='word_1_38' title='bbox 994 1081 1126 1127; x_wconf 87' lang='lat' dir='ltr'><strong>Bulla</strong></span> <span class='ocrx_word' id='word_1_39' title='bbox 1166 1081 1364 1154; x_wconf 56' lang='lat' dir='ltr'><strong>avulsa.{</strong></span> <span class='ocrx_word' id='word_1_40' title='bbox 1397 1081 1554 1168; x_wconf 69' lang='lat' dir='ltr'><strong>Edidit</strong></span> <span class='ocrx_word' id='word_1_41' title='bbox 1582 1083 1805 1168; x_wconf 51' lang='lat' dir='ltr'><strong>BolimerJ</strong></span> <span class='ocrx_word' id='word_1_42' title='bbox 1850 1084 2115 1178; x_wconf 27' lang='lat' dir='ltr'><strong>Actadgi&#39;mp.</strong></span> <span class='ocrx_word' id='word_1_43' title='bbox 2146 1083 2317 1175; x_wconf 54' lang='lat' dir='ltr'><strong>selecta</strong></span> <span class='ocrx_word' id='word_1_44' title='bbox 2341 1084 2426 1169; x_wconf 47' lang='grc' dir='ltr'><strong>Α30.</strong></span> <span class='ocrx_word' id='word_1_45' title='bbox 2474 1106 2533 1160; x_wconf 40' lang='grc'><strong>.-</strong></span> 
     </span>
    </p>
   </div>
   <div class='ocr_carea' id='block_1_5' title="bbox 486 1146 2565 1218">
    <p class='ocr_par' dir='ltr' id='par_1_5' title="bbox 486 1146 2565 1218">
     <span class='ocr_line' id='line_1_8' title="bbox 486 1146 2565 1218; baseline -0.011 -12"><span class='ocrx_word' id='word_1_46' title='bbox 486 1159 834 1218; x_wconf 80' lang='lat' dir='ltr'><strong>Stumpfl271.</strong></span> <span class='ocrx_word' id='word_1_47' title='bbox 1804 1177 1857 1203; x_wconf 45' lang='lat'><strong>‚‚.„</strong></span> <span class='ocrx_word' id='word_1_48' title='bbox 1977 1182 2021 1214; x_wconf 33' lang='grc' dir='ltr'><strong>,ἰ</strong></span> <span class='ocrx_word' id='word_1_49' title='bbox 2096 1146 2149 1217; x_wconf 60' lang='lat' dir='ltr'><strong>f.</strong></span> <span class='ocrx_word' id='word_1_50' title='bbox 2226 1151 2565 1209; x_wconf 50' lang='grc' dir='ltr'><em>η</em></span> 
     </span>
    </p>
   </div>
   <div class='ocr_carea' id='block_1_6' title="bbox 295 1334 2579 1467">
    <p class='ocr_par' dir='ltr' id='par_1_6' title="bbox 295 1334 2579 1467">
     <span class='ocr_line' id='line_1_9' title="bbox 295 1334 2579 1467; baseline 0.003 -29"><span class='ocrx_word' id='word_1_51' title='bbox 295 1369 342 1439; x_wconf 83' lang='lat'>2</span> <span class='ocrx_word' id='word_1_52' title='bbox 362 1334 439 1439; x_wconf 56' lang='lat'><strong>1(</strong></span> <span class='ocrx_word' id='word_1_53' title='bbox 510 1363 898 1440; x_wconf 88' lang='lat' dir='ltr'><strong>Heinricus</strong></span> <span class='ocrx_word' id='word_1_54' title='bbox 934 1365 1016 1440; x_wconf 95' lang='grc' dir='ltr'><strong>Π.</strong></span> <span class='ocrx_word' id='word_1_55' title='bbox 1074 1388 1206 1441; x_wconf 85' lang='lat' dir='ltr'><strong>rex</strong></span> <span class='ocrx_word' id='word_1_56' title='bbox 1240 1365 1651 1443; x_wconf 87' lang='lat' dir='ltr'><strong>interventu</strong></span> <span class='ocrx_word' id='word_1_57' title='bbox 1693 1365 2186 1464; x_wconf 71' lang='lat' dir='ltr'><strong>cunigundae,</strong></span> <span class='ocrx_word' id='word_1_58' title='bbox 2239 1373 2535 1467; x_wconf 86' lang='lat' dir='ltr'><strong>petente</strong></span> <span class='ocrx_word' id='word_1_59' title='bbox 2572 1385 2579 1390; x_wconf 85' lang='grc'><em>·</em></span> 
     </span>
    </p>
   </div>
   <div class='ocr_carea' id='block_1_7' title="bbox 401 1489 2541 2086">
    <p class='ocr_par' dir='ltr' id='par_1_7' title="bbox 509 1489 2541 1839">
     <span class='ocr_line' id='line_1_10' title="bbox 515 1489 2537 1591; baseline 0.002 -28"><span class='ocrx_word' id='word_1_60' title='bbox 515 1493 588 1562; x_wconf 88' lang='lat' dir='ltr'><strong>et</strong></span> <span class='ocrx_word' id='word_1_61' title='bbox 656 1490 1155 1565; x_wconf 78' lang='lat' dir='ltr'><strong>consentiente</strong></span> <span class='ocrx_word' id='word_1_62' title='bbox 1221 1489 1548 1567; x_wconf 87' lang='lat' dir='ltr'><strong>Amoldo</strong></span> <span class='ocrx_word' id='word_1_63' title='bbox 1633 1493 2013 1591; x_wconf 88' lang='lat' dir='ltr'><strong>episcop0‚</strong></span> <span class='ocrx_word' id='word_1_64' title='bbox 2096 1493 2537 1584; x_wconf 89' lang='lat' dir='ltr'><strong>monasterio</strong></span> 
     </span>
     <span class='ocr_line' id='line_1_11' title="bbox 509 1611 2538 1713; baseline 0.002 -26"><span class='ocrx_word' id='word_1_65' title='bbox 509 1611 824 1688; x_wconf 87' lang='lat' dir='ltr'><strong>Drubiki</strong></span> <span class='ocrx_word' id='word_1_66' title='bbox 901 1614 1422 1690; x_wconf 84' lang='lat' dir='ltr'><strong>immunitatem</strong></span> <span class='ocrx_word' id='word_1_67' title='bbox 1505 1620 1577 1690; x_wconf 91' lang='lat' dir='ltr'><strong>et</strong></span> <span class='ocrx_word' id='word_1_68' title='bbox 1646 1619 1768 1713; x_wconf 91' lang='lat' dir='ltr'><strong>jus</strong></span> <span class='ocrx_word' id='word_1_69' title='bbox 1840 1616 2070 1693; x_wconf 90' lang='lat' dir='ltr'><strong>libere</strong></span> <span class='ocrx_word' id='word_1_70' title='bbox 2161 1615 2538 1712; x_wconf 86' lang='lat' dir='ltr'><strong>eligendae</strong></span> 
     </span>
     <span class='ocr_line' id='line_1_12' title="bbox 515 1735 2541 1839; baseline 0.002 -29"><span class='ocrx_word' id='word_1_71' title='bbox 515 1735 914 1813; x_wconf 82' lang='lat' dir='ltr'><strong>abbatissae</strong></span> <span class='ocrx_word' id='word_1_72' title='bbox 965 1738 1412 1838; x_wconf 89' lang='lat' dir='ltr'><strong>eandemque</strong></span> <span class='ocrx_word' id='word_1_73' title='bbox 1449 1740 1875 1833; x_wconf 88' lang='lat' dir='ltr'><strong>libertatem,</strong></span> <span class='ocrx_word' id='word_1_74' title='bbox 1934 1741 2221 1839; x_wconf 91' lang='lat' dir='ltr'><strong>qualem</strong></span> <span class='ocrx_word' id='word_1_75' title='bbox 2271 1740 2541 1816; x_wconf 90' lang='lat' dir='ltr'><strong>habent</strong></span> 
     </span>
    </p>

    <p class='ocr_par' dir='ltr' id='par_1_8' title="bbox 401 1862 2534 2086">
     <span class='ocr_line' id='line_1_13' title="bbox 401 1862 2534 1962; baseline 0.002 -26"><span class='ocrx_word' id='word_1_76' title='bbox 401 1959 404 1962; x_wconf 81' lang='lat'><strong>.</strong></span> <span class='ocrx_word' id='word_1_77' title='bbox 511 1863 950 1938; x_wconf 90' lang='lat' dir='ltr'><strong>monasteria</strong></span> <span class='ocrx_word' id='word_1_78' title='bbox 979 1862 1584 1960; x_wconf 86' lang='lat' dir='ltr'><strong>Quidilingoburg</strong></span> <span class='ocrx_word' id='word_1_79' title='bbox 1623 1870 1695 1938; x_wconf 90' lang='lat' dir='ltr'><strong>et</strong></span> <span class='ocrx_word' id='word_1_80' title='bbox 1732 1863 2319 1956; x_wconf 77' lang='lat' dir='ltr'><strong>Gauderesheim,</strong></span> <span class='ocrx_word' id='word_1_81' title='bbox 2360 1888 2534 1940; x_wconf 92' lang='lat' dir='ltr'><strong>con-</strong></span> 
     </span>
     <span class='ocr_line' id='line_1_14' title="bbox 511 1985 2039 2086; baseline 0.003 -27"><span class='ocrx_word' id='word_1_82' title='bbox 511 1985 765 2061; x_wconf 89' lang='lat' dir='ltr'><strong>firmat.</strong></span> <span class='ocrx_word' id='word_1_83' title='bbox 858 1992 1084 2080; x_wconf 88' lang='lat'>1004,</span> <span class='ocrx_word' id='word_1_84' title='bbox 1138 1989 1327 2084; x_wconf 90' lang='lat' dir='ltr'><strong>Aug.</strong></span> <span class='ocrx_word' id='word_1_85' title='bbox 1377 1994 1442 2063; x_wconf 91' lang='lat'><strong>1.</strong></span> <span class='ocrx_word' id='word_1_86' title='bbox 1528 1987 2039 2086; x_wconf 89' lang='lat' dir='ltr'><strong>Magadaburg.</strong></span> 
     </span>
    </p>
   </div>
   <div class='ocr_carea' id='block_1_8' title="bbox 297 2146 2539 3723">
    <p class='ocr_par' dir='ltr' id='par_1_9' title="bbox 297 2146 2539 3723">
     <span class='ocr_line' id='line_1_15' title="bbox 478 2146 2537 2213; baseline 0 0"><span class='ocrx_word' id='word_1_87' title='bbox 478 2146 547 2213; x_wconf 84' lang='lat' dir='ltr'><strong>G.</strong></span> <span class='ocrx_word' id='word_1_88' title='bbox 616 2148 694 2212; x_wconf 93' lang='lat' dir='ltr'><strong>In</strong></span> <span class='ocrx_word' id='word_1_89' title='bbox 723 2146 975 2212; x_wconf 89' lang='lat' dir='ltr'><strong>nomine</strong></span> <span class='ocrx_word' id='word_1_90' title='bbox 1013 2153 1273 2213; x_wconf 88' lang='lat' dir='ltr'><strong>sanctae</strong></span> <span class='ocrx_word' id='word_1_91' title='bbox 1319 2154 1380 2212; x_wconf 88' lang='lat' dir='ltr'><strong>et</strong></span> <span class='ocrx_word' id='word_1_92' title='bbox 1423 2146 1791 2213; x_wconf 84' lang='lat' dir='ltr'><strong>individuae</strong></span> <span class='ocrx_word' id='word_1_93' title='bbox 1820 2147 2132 2213; x_wconf 81' lang='lat' dir='ltr'><strong>trinitatis,</strong></span> <span class='ocrx_word' id='word_1_94' title='bbox 2203 2147 2537 2213; x_wconf 89' lang='lat' dir='ltr'><strong>Heinricus</strong></span> 
     </span>
     <span class='ocr_line' id='line_1_16' title="bbox 297 2251 2537 2320; baseline 0 -2"><span class='ocrx_word' id='word_1_95' title='bbox 297 2251 518 2320; x_wconf 86' lang='lat' dir='ltr'><strong>divina</strong></span> <span class='ocrx_word' id='word_1_96' title='bbox 572 2253 823 2320; x_wconf 87' lang='lat' dir='ltr'><strong>favente</strong></span> <span class='ocrx_word' id='word_1_97' title='bbox 868 2253 1202 2319; x_wconf 88' lang='lat' dir='ltr'><strong>clementia</strong></span> <span class='ocrx_word' id='word_1_98' title='bbox 1258 2273 1390 2319; x_wconf 87' lang='lat' dir='ltr'><strong>rex.</strong></span> <span class='ocrx_word' id='word_1_99' title='bbox 1477 2255 1709 2320; x_wconf 84' lang='lat' dir='ltr'><strong>Notum</strong></span> <span class='ocrx_word' id='word_1_100' title='bbox 1766 2255 1849 2319; x_wconf 91' lang='lat' dir='ltr'><strong>sit</strong></span> <span class='ocrx_word' id='word_1_101' title='bbox 1906 2254 2192 2320; x_wconf 88' lang='lat' dir='ltr'><strong>omnibus</strong></span> <span class='ocrx_word' id='word_1_102' title='bbox 2248 2253 2537 2320; x_wconf 87' lang='lat' dir='ltr'><strong>fidelibus</strong></span> 
     </span>
     <span class='ocr_line' id='line_1_17' title="bbox 297 2359 2538 2445; baseline -0.001 -19"><span class='ocrx_word' id='word_1_103' title='bbox 297 2360 532 2426; x_wconf 86' lang='lat' dir='ltr'><strong>nostris</strong></span> <span class='ocrx_word' id='word_1_104' title='bbox 576 2360 1015 2445; x_wconf 88' lang='lat' dir='ltr'><strong>praesentibus</strong></span> <span class='ocrx_word' id='word_1_105' title='bbox 1061 2361 1304 2426; x_wconf 91' lang='lat' dir='ltr'><strong>scilicet</strong></span> <span class='ocrx_word' id='word_1_106' title='bbox 1334 2367 1396 2424; x_wconf 91' lang='lat' dir='ltr'><strong>et</strong></span> <span class='ocrx_word' id='word_1_107' title='bbox 1425 2359 1667 2444; x_wconf 88' lang='lat' dir='ltr'><strong>futuris,</strong></span> <span class='ocrx_word' id='word_1_108' title='bbox 1717 2361 1987 2444; x_wconf 85' lang='lat' dir='ltr'><strong>qualiter</strong></span> <span class='ocrx_word' id='word_1_109' title='bbox 2030 2380 2148 2426; x_wconf 90' lang='lat' dir='ltr'><strong>nos</strong></span> <span class='ocrx_word' id='word_1_110' title='bbox 2194 2380 2308 2445; x_wconf 88' lang='lat' dir='ltr'><strong>per</strong></span> <span class='ocrx_word' id='word_1_111' title='bbox 2352 2360 2538 2436; x_wconf 88' lang='lat' dir='ltr'><strong>inter·</strong></span> 
     </span>
     <span class='ocr_line' id='line_1_18' title="bbox 297 2465 2539 2552; baseline -0 -20"><span class='ocrx_word' id='word_1_112' title='bbox 297 2472 550 2532; x_wconf 89' lang='lat' dir='ltr'><strong>ventum</strong></span> <span class='ocrx_word' id='word_1_113' title='bbox 629 2466 1076 2532; x_wconf 78' lang='lat' dir='ltr'><strong>dilectissimae</strong></span> <span class='ocrx_word' id='word_1_114' title='bbox 1115 2467 1146 2543; x_wconf 80' lang='grc' dir='ltr'><strong>ΙΙ</strong></span> <span class='ocrx_word' id='word_1_115' title='bbox 1186 2467 1368 2532; x_wconf 92' lang='lat' dir='ltr'><strong>nobis</strong></span> <span class='ocrx_word' id='word_1_116' title='bbox 1445 2465 1735 2552; x_wconf 87' lang='lat' dir='ltr'><strong>conjugis</strong></span> <span class='ocrx_word' id='word_1_117' title='bbox 1803 2473 2058 2533; x_wconf 86' lang='lat' dir='ltr'><strong>nostrae</strong></span> <span class='ocrx_word' id='word_1_118' title='bbox 2126 2466 2539 2551; x_wconf 72' lang='lat' dir='ltr'><strong>cunigundae</strong></span> 
     </span>
     <span class='ocr_line' id='line_1_19' title="bbox 297 2571 2539 2660; baseline -0.001 -20"><span class='ocrx_word' id='word_1_119' title='bbox 297 2572 593 2640; x_wconf 86' lang='lat' dir='ltr'><strong>videlicet</strong></span> <span class='ocrx_word' id='word_1_120' title='bbox 649 2573 908 2656; x_wconf 87' lang='lat' dir='ltr'><strong>reginae</strong></span> <span class='ocrx_word' id='word_1_121' title='bbox 967 2571 1287 2656; x_wconf 88' lang='lat' dir='ltr'><strong>quoddam</strong></span> <span class='ocrx_word' id='word_1_122' title='bbox 1309 2644 1324 2660; x_wconf 37' lang='lat'>⁸</span> <span class='ocrx_word' id='word_1_123' title='bbox 1342 2574 1790 2639; x_wconf 88' lang='lat' dir='ltr'><strong>monasterium</strong></span> <span class='ocrx_word' id='word_1_124' title='bbox 1858 2574 1925 2638; x_wconf 91' lang='lat' dir='ltr'><strong>in</strong></span> <span class='ocrx_word' id='word_1_125' title='bbox 1980 2574 2221 2639; x_wconf 88' lang='lat' dir='ltr'><strong>honore</strong></span> <span class='ocrx_word' id='word_1_126' title='bbox 2280 2579 2539 2638; x_wconf 90' lang='lat' dir='ltr'><strong>sanctae</strong></span> 
     </span>
     <span class='ocr_line' id='line_1_20' title="bbox 297 2679 2538 2764; baseline 0 -21"><span class='ocrx_word' id='word_1_127' title='bbox 297 2679 536 2744; x_wconf 87' lang='lat' dir='ltr'><strong>Mariae</strong></span> <span class='ocrx_word' id='word_1_128' title='bbox 593 2681 922 2763; x_wconf 77' lang='lat' dir='ltr'><strong>sanctique</strong></span> <span class='ocrx_word' id='word_1_129' title='bbox 967 2679 1095 2745; x_wconf 90' lang='lat' dir='ltr'><strong>Viti</strong></span> <span class='ocrx_word' id='word_1_130' title='bbox 1147 2679 1442 2764; x_wconf 84' lang='lat' dir='ltr'><strong>martyris</strong></span> <span class='ocrx_word' id='word_1_131' title='bbox 1499 2679 1563 2743; x_wconf 91' lang='lat' dir='ltr'><strong>in</strong></span> <span class='ocrx_word' id='word_1_132' title='bbox 1621 2680 1763 2744; x_wconf 91' lang='lat' dir='ltr'><strong>loco</strong></span> <span class='ocrx_word' id='word_1_133' title='bbox 1822 2679 1929 2763; x_wconf 90' lang='lat' dir='ltr'><strong>qui</strong></span> <span class='ocrx_word' id='word_1_134' title='bbox 1987 2679 2213 2745; x_wconf 88' lang='lat' dir='ltr'><strong>dicitur</strong></span> <span class='ocrx_word' id='word_1_135' title='bbox 2266 2679 2538 2744; x_wconf 88' lang='lat' dir='ltr'><strong>Drubiki</strong></span> 
     </span>
     <span class='ocr_line' id='line_1_21' title="bbox 299 2780 2537 2882; baseline 0 -32"><span class='ocrx_word' id='word_1_136' title='bbox 299 2785 600 2851; x_wconf 88' lang='lat' dir='ltr'><strong>moderno</strong></span> <span class='ocrx_word' id='word_1_137' title='bbox 645 2792 938 2878; x_wconf 39' lang='lat' dir='ltr'><strong>tempo—[e.</strong></span> <span class='ocrx_word' id='word_1_138' title='bbox 965 2785 1750 2882; x_wconf 47' lang='lat' dir='ltr'><strong>QPQt-mfiiliijssqffilsss</strong></span> <span class='ocrx_word' id='word_1_139' title='bbox 1778 2787 2058 2852; x_wconf 90' lang='lat' dir='ltr'><strong>tuitionis</strong></span> <span class='ocrx_word' id='word_1_140' title='bbox 2105 2780 2537 2851; x_wconf 84' lang='lat' dir='ltr'><strong>defensionem</strong></span> 
     </span>
     <span class='ocr_line' id='line_1_22' title="bbox 300 2885 2533 3009; baseline 0 -51"><span class='ocrx_word' id='word_1_141' title='bbox 300 2892 713 2977; x_wconf 88' lang='lat' dir='ltr'><strong>suscipientes</strong></span> <span class='ocrx_word' id='word_1_142' title='bbox 726 2943 743 2976; x_wconf 90' lang='lat'><strong>,</strong></span> <span class='ocrx_word' id='word_1_143' title='bbox 788 2885 1066 2986; x_wconf 57' lang='lat' dir='ltr'><strong>[detenta</strong></span> <span class='ocrx_word' id='word_1_144' title='bbox 1102 2899 1377 3009; x_wconf 44' lang='lat' dir='ltr'><strong>vertgtep</strong></span> <span class='ocrx_word' id='word_1_145' title='bbox 1407 2893 1839 2959; x_wconf 89' lang='lat' dir='ltr'><strong>consentiente</strong></span> <span class='ocrx_word' id='word_1_146' title='bbox 1883 2892 2167 2958; x_wconf 91' lang='lat' dir='ltr'><strong>Arnoldo</strong></span> <span class='ocrx_word' id='word_1_147' title='bbox 2215 2893 2533 2977; x_wconf 89' lang='lat' dir='ltr'><strong>episcop0‚</strong></span> 
     </span>
     <span class='ocr_line' id='line_1_23' title="bbox 299 2992 2536 3084; baseline 0 -20"><span class='ocrx_word' id='word_1_148' title='bbox 299 2999 367 3064; x_wconf 93' lang='lat' dir='ltr'><strong>in</strong></span> <span class='ocrx_word' id='word_1_149' title='bbox 411 2998 587 3083; x_wconf 86' lang='lat' dir='ltr'><strong>cujus</strong></span> <span class='ocrx_word' id='word_1_150' title='bbox 633 2999 958 3084; x_wconf 89' lang='lat' dir='ltr'><strong>episcopio</strong></span> <span class='ocrx_word' id='word_1_151' title='bbox 1016 2999 1204 3064; x_wconf 87' lang='lat' dir='ltr'><strong>situm</strong></span> <span class='ocrx_word' id='word_1_152' title='bbox 1261 2992 1383 3082; x_wconf 79' lang='lat' dir='ltr'><strong>est,</strong></span> <span class='ocrx_word' id='word_1_153' title='bbox 1446 2999 1526 3064; x_wconf 90' lang='lat' dir='ltr'><strong>ab</strong></span> <span class='ocrx_word' id='word_1_154' title='bbox 1575 2999 1745 3064; x_wconf 89' lang='lat' dir='ltr'><strong>omni</strong></span> <span class='ocrx_word' id='word_1_155' title='bbox 1791 2999 2061 3080; x_wconf 76' lang='lat' dir='ltr'><strong>humane</strong></span> <span class='ocrx_word' id='word_1_156' title='bbox 2118 2998 2536 3065; x_wconf 88' lang='lat' dir='ltr'><strong>infestationis</strong></span> 
     </span>
     <span class='ocr_line' id='line_1_24' title="bbox 301 3104 2539 3191; baseline -0 -20"><span class='ocrx_word' id='word_1_157' title='bbox 301 3104 580 3172; x_wconf 91' lang='lat' dir='ltr'><strong>dominio</strong></span> <span class='ocrx_word' id='word_1_158' title='bbox 626 3105 892 3190; x_wconf 88' lang='lat' dir='ltr'><strong>per-hoc</strong></span> <span class='ocrx_word' id='word_1_159' title='bbox 935 3111 1190 3172; x_wconf 88' lang='lat' dir='ltr'><strong>nostrae</strong></span> <span class='ocrx_word' id='word_1_160' title='bbox 1221 3105 1611 3171; x_wconf 86' lang='lat' dir='ltr'><strong>auctoritatis</strong></span> <span class='ocrx_word' id='word_1_161' title='bbox 1643 3112 2049 3191; x_wconf 88' lang='lat' dir='ltr'><strong>praeceptum</strong></span> <span class='ocrx_word' id='word_1_162' title='bbox 2092 3106 2539 3191; x_wconf 88' lang='lat' dir='ltr'><strong>perpetualiter</strong></span> 
     </span>
     <span class='ocr_line' id='line_1_25' title="bbox 301 3211 2535 3297; baseline -0.001 -19"><span class='ocrx_word' id='word_1_163' title='bbox 301 3213 701 3279; x_wconf 84' lang='lat' dir='ltr'><strong>absolvimus.</strong></span> <span class='ocrx_word' id='word_1_164' title='bbox 770 3212 870 3277; x_wconf 85' lang='lat' dir='ltr'><strong>Ea</strong></span> <span class='ocrx_word' id='word_1_165' title='bbox 912 3211 1209 3277; x_wconf 88' lang='lat' dir='ltr'><strong>videlicet</strong></span> <span class='ocrx_word' id='word_1_166' title='bbox 1252 3212 1512 3295; x_wconf 88' lang='lat' dir='ltr'><strong>ratione,</strong></span> <span class='ocrx_word' id='word_1_167' title='bbox 1561 3217 1631 3276; x_wconf 92' lang='lat' dir='ltr'><strong>ut</strong></span> <span class='ocrx_word' id='word_1_168' title='bbox 1674 3212 1883 3278; x_wconf 88' lang='lat' dir='ltr'><strong>nullus</strong></span> <span class='ocrx_word' id='word_1_169' title='bbox 1917 3213 2273 3297; x_wconf 88' lang='lat' dir='ltr'><strong>episcopus,</strong></span> <span class='ocrx_word' id='word_1_170' title='bbox 2324 3231 2535 3277; x_wconf 88' lang='lat' dir='ltr'><strong>comes</strong></span> 
     </span>
     <span class='ocr_line' id='line_1_26' title="bbox 300 3317 2535 3405; baseline -0.001 -20"><span class='ocrx_word' id='word_1_171' title='bbox 300 3319 402 3385; x_wconf 88' lang='lat' dir='ltr'><strong>vel</strong></span> <span class='ocrx_word' id='word_1_172' title='bbox 434 3319 636 3405; x_wconf 87' lang='lat' dir='ltr'><strong>judex</strong></span> <span class='ocrx_word' id='word_1_173' title='bbox 683 3324 792 3384; x_wconf 90' lang='lat' dir='ltr'><strong>aut</strong></span> <span class='ocrx_word' id='word_1_174' title='bbox 837 3325 1095 3384; x_wconf 85' lang='lat' dir='ltr'><strong>exactor</strong></span> <span class='ocrx_word' id='word_1_175' title='bbox 1138 3338 1343 3401; x_wconf 86' lang='lat' dir='ltr'><strong>neque</strong></span> <span class='ocrx_word' id='word_1_176' title='bbox 1388 3318 1619 3401; x_wconf 87' lang='lat' dir='ltr'><strong>aliquis</strong></span> <span class='ocrx_word' id='word_1_177' title='bbox 1667 3319 1921 3384; x_wconf 91' lang='lat' dir='ltr'><strong>omnino</strong></span> <span class='ocrx_word' id='word_1_178' title='bbox 1978 3319 2045 3383; x_wconf 88' lang='lat' dir='ltr'><strong>in</strong></span> <span class='ocrx_word' id='word_1_179' title='bbox 2091 3317 2360 3403; x_wconf 82' lang='lat' dir='ltr'><strong>praefati</strong></span> <span class='ocrx_word' id='word_1_180' title='bbox 2404 3337 2535 3382; x_wconf 89' lang='lat' dir='ltr'><strong>mo·</strong></span> 
     </span>
     <span class='ocr_line' id='line_1_27' title="bbox 301 3411 2535 3519; baseline -0.001 -28"><span class='ocrx_word' id='word_1_181' title='bbox 301 3426 557 3491; x_wconf 88' lang='lat' dir='ltr'><strong>nasterii</strong></span> <span class='ocrx_word' id='word_1_182' title='bbox 611 3425 798 3491; x_wconf 88' lang='lat' dir='ltr'><strong>rebus</strong></span> <span class='ocrx_word' id='word_1_183' title='bbox 847 3423 1251 3510; x_wconf 87' lang='lat' dir='ltr'><strong>judiciariam</strong></span> <span class='ocrx_word' id='word_1_184' title='bbox 1275 3411 2067 3519; x_wconf 28' lang='lat' dir='ltr'><strong>Ql-eissncepsjpraesuffiat&#39;)</strong></span> <span class='ocrx_word' id='word_1_185' title='bbox 2088 3445 2379 3490; x_wconf 83' lang='lat' dir='ltr'><strong>exercere</strong></span> <span class='ocrx_word' id='word_1_186' title='bbox 2424 3444 2535 3509; x_wconf 92' lang='lat' dir='ltr'><strong>po-</strong></span> 
     </span>
     <span class='ocr_line' id='line_1_28' title="bbox 300 3531 2537 3616; baseline 0 -19"><span class='ocrx_word' id='word_1_187' title='bbox 300 3537 603 3615; x_wconf 86' lang='lat' dir='ltr'><strong>testatem,</strong></span> <span class='ocrx_word' id='word_1_188' title='bbox 652 3531 777 3597; x_wconf 90' lang='lat' dir='ltr'><strong>nisi</strong></span> <span class='ocrx_word' id='word_1_189' title='bbox 823 3551 1007 3614; x_wconf 90' lang='lat' dir='ltr'><strong>quem</strong></span> <span class='ocrx_word' id='word_1_190' title='bbox 1038 3533 1411 3616; x_wconf 87' lang='lat' dir='ltr'><strong>praescripti</strong></span> <span class='ocrx_word' id='word_1_191' title='bbox 1441 3533 1808 3597; x_wconf 88' lang='lat' dir='ltr'><strong>monasterii</strong></span> <span class='ocrx_word' id='word_1_192' title='bbox 1840 3531 2178 3614; x_wconf 89' lang='lat' dir='ltr'><strong>abbatissa,</strong></span> <span class='ocrx_word' id='word_1_193' title='bbox 2228 3532 2334 3597; x_wconf 91' lang='lat' dir='ltr'><strong>ubi</strong></span> <span class='ocrx_word' id='word_1_194' title='bbox 2369 3551 2537 3597; x_wconf 89' lang='lat' dir='ltr'><strong>nunc</strong></span> 
     </span>
     <span class='ocr_line' id='line_1_29' title="bbox 301 3636 2537 3723; baseline -0.001 -20"><span class='ocrx_word' id='word_1_195' title='bbox 301 3657 597 3723; x_wconf 88' lang='lat' dir='ltr'><strong>praeesse</strong></span> <span class='ocrx_word' id='word_1_196' title='bbox 641 3637 887 3705; x_wconf 88' lang='lat' dir='ltr'><strong>videtur</strong></span> <span class='ocrx_word' id='word_1_197' title='bbox 931 3643 1039 3703; x_wconf 88' lang='lat' dir='ltr'><strong>aut</strong></span> <span class='ocrx_word' id='word_1_198' title='bbox 1083 3657 1202 3720; x_wconf 76' lang='lat' dir='ltr'><strong>que</strong></span> <span class='ocrx_word' id='word_1_199' title='bbox 1248 3638 1370 3703; x_wconf 89' lang='lat' dir='ltr'><strong>sibi</strong></span> <span class='ocrx_word' id='word_1_200' title='bbox 1416 3637 1793 3704; x_wconf 88' lang='lat' dir='ltr'><strong>successerit</strong></span> <span class='ocrx_word' id='word_1_201' title='bbox 1834 3637 1901 3702; x_wconf 90' lang='lat' dir='ltr'><strong>in</strong></span> <span class='ocrx_word' id='word_1_202' title='bbox 1948 3658 2044 3720; x_wconf 90' lang='lat' dir='ltr'><strong>re,</strong></span> <span class='ocrx_word' id='word_1_203' title='bbox 2107 3636 2373 3721; x_wconf 88' lang='lat' dir='ltr'><strong>publicis</strong></span> <span class='ocrx_word' id='word_1_204' title='bbox 2420 3636 2537 3701; x_wconf 88' lang='lat' dir='ltr'><strong>uti-</strong></span> 
     </span>
    </p>
   </div>
   <div class='ocr_carea' id='block_1_9' title="bbox 301 3741 2614 3831">
    <p class='ocr_par' dir='ltr' id='par_1_10' title="bbox 301 3741 2614 3831">
     <span class='ocr_line' id='line_1_30' title="bbox 301 3741 2614 3831; baseline -0.001 -21"><span class='ocrx_word' id='word_1_205' title='bbox 301 3745 572 3810; x_wconf 88' lang='lat' dir='ltr'><strong>litatibus</strong></span> <span class='ocrx_word' id='word_1_206' title='bbox 587 3795 605 3829; x_wconf 93' lang='lat'><strong>,</strong></span> <span class='ocrx_word' id='word_1_207' title='bbox 666 3743 1186 3811; x_wconf 89' lang='lat' dir='ltr'><strong>conlaudantibus</strong></span> <span class='ocrx_word' id='word_1_208' title='bbox 1211 3823 1222 3831; x_wconf 38' lang='grc'><strong><em>,</em></strong></span> <span class='ocrx_word' id='word_1_209' title='bbox 1243 3744 1592 3827; x_wconf 89' lang='lat' dir='ltr'><strong>sororibus,</strong></span> <span class='ocrx_word' id='word_1_210' title='bbox 1664 3743 1924 3828; x_wconf 87' lang='lat' dir='ltr'><strong>elegerit</strong></span> <span class='ocrx_word' id='word_1_211' title='bbox 1979 3741 2371 3808; x_wconf 91' lang='lat' dir='ltr'><strong>advocatum.</strong></span> <span class='ocrx_word' id='word_1_212' title='bbox 2454 3742 2538 3807; x_wconf 87' lang='lat' dir='ltr'><strong>Et</strong></span> <span class='ocrx_word' id='word_1_213' title='bbox 2610 3777 2614 3780; x_wconf 94' lang='lat'><em>·</em></span> 
     </span>
    </p>
   </div>
   <div class='ocr_carea' id='block_1_10' title="bbox 301 3847 2537 4254">
    <p class='ocr_par' dir='ltr' id='par_1_11' title="bbox 301 3847 2537 4254">
     <span class='ocr_line' id='line_1_31' title="bbox 304 3847 2530 3936; baseline -0.001 -20"><span class='ocrx_word' id='word_1_214' title='bbox 304 3852 854 3936; x_wconf 89' lang='lat' dir='ltr'><strong>quotienscumque</strong></span> <span class='ocrx_word' id='word_1_215' title='bbox 907 3851 1286 3916; x_wconf 88' lang='lat' dir='ltr'><strong>inevitabilis</strong></span> <span class='ocrx_word' id='word_1_216' title='bbox 1333 3870 1473 3916; x_wconf 89' lang='lat' dir='ltr'><strong>sors</strong></span> <span class='ocrx_word' id='word_1_217' title='bbox 1512 3851 1732 3916; x_wconf 90' lang='lat' dir='ltr'><strong>mortis</strong></span> <span class='ocrx_word' id='word_1_218' title='bbox 1780 3850 2166 3915; x_wconf 90' lang='lat' dir='ltr'><strong>abbatissam</strong></span> <span class='ocrx_word' id='word_1_219' title='bbox 2212 3847 2530 3932; x_wconf 83' lang='lat' dir='ltr'><strong>deleverit,</strong></span> 
     </span>
     <span class='ocr_line' id='line_1_32' title="bbox 304 3956 2536 4040; baseline -0.002 -16"><span class='ocrx_word' id='word_1_220' title='bbox 304 3978 546 4024; x_wconf 86' lang='lat' dir='ltr'><strong>sorores</strong></span> <span class='ocrx_word' id='word_1_221' title='bbox 615 3956 870 4039; x_wconf 90' lang='lat' dir='ltr'><strong>quidem</strong></span> <span class='ocrx_word' id='word_1_222' title='bbox 936 3956 1200 4022; x_wconf 91' lang='lat' dir='ltr'><strong>liberam</strong></span> <span class='ocrx_word' id='word_1_223' title='bbox 1265 3957 1426 4022; x_wconf 90' lang='lat' dir='ltr'><strong>inter</strong></span> <span class='ocrx_word' id='word_1_224' title='bbox 1485 3977 1556 4021; x_wconf 91' lang='lat' dir='ltr'><strong>se</strong></span> <span class='ocrx_word' id='word_1_225' title='bbox 1622 3958 1724 4022; x_wconf 88' lang='lat' dir='ltr'><strong>vel</strong></span> <span class='ocrx_word' id='word_1_226' title='bbox 1783 3956 2040 4022; x_wconf 89' lang='lat' dir='ltr'><strong>aliunde</strong></span> <span class='ocrx_word' id='word_1_227' title='bbox 2098 3956 2373 4021; x_wconf 89' lang='lat' dir='ltr'><strong>habeant</strong></span> <span class='ocrx_word' id='word_1_228' title='bbox 2426 3975 2536 4040; x_wconf 91' lang='lat' dir='ltr'><strong>po-</strong></span> 
     </span>
     <span class='ocr_line' id='line_1_33' title="bbox 301 4053 2537 4147; baseline -0.001 -17"><span class='ocrx_word' id='word_1_229' title='bbox 301 4070 586 4130; x_wconf 86' lang='lat' dir='ltr'><strong>testatem</strong></span> <span class='ocrx_word' id='word_1_230' title='bbox 631 4062 908 4147; x_wconf 88' lang='lat' dir='ltr'><strong>eligendi</strong></span> <span class='ocrx_word' id='word_1_231' title='bbox 955 4062 1340 4128; x_wconf 89' lang='lat' dir='ltr'><strong>abbatissam</strong></span> <span class='ocrx_word' id='word_1_232' title='bbox 1387 4053 1528 4128; x_wconf 89' lang='lat' dir='ltr'><strong>sine</strong></span> <span class='ocrx_word' id='word_1_233' title='bbox 1569 4063 1758 4128; x_wconf 89' lang='lat' dir='ltr'><strong>ullius</strong></span> <span class='ocrx_word' id='word_1_234' title='bbox 1797 4061 2310 4145; x_wconf 88' lang='lat' dir='ltr'><strong>contradictione,</strong></span> <span class='ocrx_word' id='word_1_235' title='bbox 2360 4062 2537 4128; x_wconf 89' lang='lat' dir='ltr'><strong>dum-</strong></span> 
     </span>
     <span class='ocr_line' id='line_1_34' title="bbox 303 4167 2537 4254; baseline -0.001 -18"><span class='ocrx_word' id='word_1_236' title='bbox 303 4176 475 4235; x_wconf 85' lang='lat' dir='ltr'><strong>taxat</strong></span> <span class='ocrx_word' id='word_1_237' title='bbox 528 4191 656 4236; x_wconf 91' lang='lat' dir='ltr'><strong>non</strong></span> <span class='ocrx_word' id='word_1_238' title='bbox 703 4170 786 4235; x_wconf 88' lang='lat' dir='ltr'><strong>sit</strong></span> <span class='ocrx_word' id='word_1_239' title='bbox 829 4169 1034 4234; x_wconf 89' lang='lat' dir='ltr'><strong>minor</strong></span> <span class='ocrx_word' id='word_1_240' title='bbox 1077 4188 1353 4254; x_wconf 86' lang='lat' dir='ltr'><strong>persona</strong></span> <span class='ocrx_word' id='word_1_241' title='bbox 1395 4167 1732 4252; x_wconf 86' lang='lat' dir='ltr'><strong>dignitate,</strong></span> <span class='ocrx_word' id='word_1_242' title='bbox 1792 4168 2030 4252; x_wconf 88' lang='lat' dir='ltr'><strong>talique</strong></span> <span class='ocrx_word' id='word_1_243' title='bbox 2085 4188 2343 4253; x_wconf 88' lang='lat' dir='ltr'><strong>prorsus</strong></span> <span class='ocrx_word' id='word_1_244' title='bbox 2390 4167 2537 4253; x_wconf 87' lang='lat' dir='ltr'><strong>jure</strong></span> 
     </span>
    </p>
   </div>
   <div class='ocr_carea' id='block_1_11' title="bbox 306 4321 720 4328">
    <p class='ocr_par' dir='ltr' id='par_1_12' title="bbox 306 4321 720 4328">
     <span class='ocr_line' id='line_1_35' title="bbox 306 4321 720 4328; baseline 0 0"><span class='ocrx_word' id='word_1_245' title='bbox 306 4321 720 4328; x_wconf 95' lang='lat' dir='ltr'><strong> </strong></span> 
     </span>
    </p>
   </div>
   <div class='ocr_carea' id='block_1_12' title="bbox 477 4395 780 4460">
    <p class='ocr_par' dir='ltr' id='par_1_13' title="bbox 477 4395 780 4460">
     <span class='ocr_line' id='line_1_36' title="bbox 477 4395 780 4460; baseline 0.003 -12"><span class='ocrx_word' id='word_1_246' title='bbox 477 4397 516 4460; x_wconf 81' lang='grc' dir='ltr'><strong>ι)</strong></span> <span class='ocrx_word' id='word_1_247' title='bbox 551 4395 632 4448; x_wconf 83' lang='lat' dir='ltr'><strong>sic</strong></span> <span class='ocrx_word' id='word_1_248' title='bbox 668 4400 780 4449; x_wconf 84' lang='lat' dir='ltr'><strong>aut.</strong></span> 
     </span>
    </p>
   </div>
  </div>
 </body>
</html>
