3209 5434
1738 502 1867 570 146

679 685 803 758 92.
886 678 1307 772 Eadweard,
1361 702 1494 755 rex
1547 678 2166 775 Angulsaxonum‚
2222 678 2465 755 abbati
2496 675 2919 775 ‚Vulfwoldo

889 804 1430 905 possessionem
1509 827 1713 879 suam
1793 804 2174 881 Aescwica
2251 808 2579 880 vocatam
2673 802 2916 878 donat.

897 934 1125 1005 1061.

864 1099 934 1157 4
989 1090 1067 1153 In
1099 1088 1352 1153 nomine
1397 1086 1637 1153 domini
1680 1088 1880 1153 nostri
1910 1089 1952 1155 J
1953 1108 2067 1154 esu
2080 1083 2129 1172 ²)
2159 1087 2409 1167 Christi.
2479 1088 2809 1171 Regnante
2851 1083 2922 1149 in

676 1201 1050 1282 perpetuum
1096 1194 1352 1261 domino
1395 1200 1613 1261 nostro
1644 1190 1864 1279 Jesu¹)
1895 1194 2143 1261 Christo
2190 1201 2253 1261 et
2298 1195 2511 1261 omnia
2554 1193 2637 1259 de
2676 1209 2923 1259 summo

679 1303 838 1369 coeli
885 1303 1067 1388 apice
1111 1300 1524 1387 dispensante
1569 1322 1648 1366 ac
1692 1302 2099 1386 gubernante,
2155 1302 2467 1368 cernimus
2511 1300 2731 1367 omnia
2770 1306 2924 1365 tem-

677 1411 924 1495 poralia
969 1415 1030 1475 et
1073 1409 1436 1493 praesentia
1479 1408 1718 1493 perire,
1779 1408 1936 1493 labi,
1998 1409 2286 1493 transire,
2336 1406 2677 1491 aliquando
2722 1412 2923 1471 matu-

677 1517 807 1583 rius
853 1516 1262 1600 gubernantis
1297 1515 1422 1580 Dei
1469 1515 2063 1601 dispensationibus,
2114 1515 2456 1600 aliquando
2502 1513 2925 1581 saecularium

677 1643 883 1691 rerum
953 1622 1384 1707 ingruentibus
1447 1622 1843 1706 accessibus,
1909 1622 1975 1688 id
2031 1629 2129 1690 est
2186 1623 2577 1690 evidentibus
2634 1620 2924 1688 cladibus

678 1730 1012 1813 bellorum,
1073 1728 1385 1795 incendiis
1435 1729 1683 1794 urbium
1726 1736 1789 1795 et
1833 1736 2168 1814 terrarum,
2230 1730 2685 1815 direptionibus
2741 1747 2925 1813 prae·

679 1835 920 1919 darum,
971 1835 1348 1901 anxionibus
1389 1835 1815 1901 infirmitatum
1852 1844 1915 1901 et
1944 1837 2089 1902 aliis
2120 1837 2680 1903 innumerabilibus
2709 1834 2925 1900 causis

677 1942 1108 2009 existentibus.
1179 1943 1277 2008 Ne
1310 1942 1611 2008 oblivioni
1657 1943 1906 2027 tradita,
1955 1964 2117 2027 quae
2163 1944 2229 2009 in
2274 1944 2507 2009 nostris
2537 1941 2925 2027 temporibus

679 2050 849 2115 facta
903 2055 1076 2131 sunt,
1140 2047 1474 2114 videantur
1488 2042 1568 2133 ²),
1632 2050 1977 2116 litterarum
2033 2051 2317 2135 apicibus
2378 2050 2699 2117 evidenter
2756 2068 2927 2113 com-

679 2156 981 2222 mendare
1027 2156 1404 2222 curavimus.
1490 2156 1890 2242 Quapropter
1934 2177 2053 2241 ego
2098 2156 2487 2241 Eadweard,
2546 2157 2669 2223 Dei
2720 2154 2928 2221 indul·

679 2270 868 2347 gente
921 2262 1283 2345 clementia,
1343 2263 1869 2347 Angulsaxonum
1922 2285 2062 2348 rex,
2122 2264 2579 2348 aliquantulam
2634 2270 2929 2329 terrenae

681 2369 1109 2455 possessionis
1178 2375 1421 2453 partem
1488 2370 1740 2435 cuidam
1807 2371 2019 2435 abbati
2080 2392 2223 2437 meo
2278 2370 2635 2437 Vulfwoldo
2703 2368 2929 2435 libenti

685 2476 895 2541 animo
942 2475 1208 2558 largitus
1255 2495 1394 2540 sum
1438 2475 1505 2541 in
1547 2477 1657 2541 illa
1686 2479 2111 2561 possessione,
2162 2498 2325 2561 quae
2370 2478 2560 2561 vulgo
2592 2475 2933 2542 Aescwica

681 2589 960 2665 vocatur,
1011 2602 1089 2646 ea
1133 2581 1510 2666 conditione,
1559 2590 1628 2647 ut
1659 2582 1907 2667 habeat,
1958 2585 2089 2651 vita
2123 2585 2365 2668 comite,
2416 2583 2716 2669 quamdiu
2744 2583 2927 2647 Deus

682 2688 969 2770 voluerit,
1026 2695 1088 2752 et
1134 2708 1274 2753 cum
1315 2688 1795 2755 dissolutionem
1826 2692 1924 2756 sui
1955 2693 2238 2777 corporis
2269 2692 2593 2758 imminere
2623 2689 2926 2772 sentierit,

683 2796 785 2861 cui
841 2793 1108 2860 voluerit
1121 2843 1138 2877 ,
1201 2797 1650 2879 perpetualiter
1700 2797 2120 2863 tribuendam.
2208 2801 2385 2865 Haec
2442 2806 2650 2865 autem
2702 2816 2928 2879 supra—

685 2901 1061 2984 scriptorum
1117 2902 1465 2984 agellorum
1519 2904 1846 2986 possessio
1906 2905 1997 2970 ita
2052 2911 2149 2971 est
2202 2904 2289 2971 ad
2333 2906 2663 2971 utilitatem
2713 2895 2931 2987 data⁸)

685 3008 1164 3093 praenominato
1209 3004 1422 3073 abbati
1467 3010 1851 3076 Wulfwoldo
1862 3060 1879 3094 ,
1944 3016 2011 3076 ut
2062 3012 2143 3077 ab
2190 3013 2360 3078 omni
2402 3013 2607 3079 fiscali
2651 3010 2930 3093 vectiga-

684 3115 854 3199 lique
889 3113 1036 3199 jure
1080 3114 1280 3183 libera
1323 3116 1435 3199 sit,
1497 3117 1695 3182 tribus
1742 3118 1952 3183 causis
1999 3119 2189 3184 etiam
2233 3120 2418 3203 ratis,
2477 3118 2775 3186 videlicet
2814 3138 2929 3182 ex-

685 3220 1023 3306 peditione,
1071 3222 1284 3304 pontis
1331 3223 1578 3289 arcisve
1626 3223 2085 3290 aedificatione.
2157 3224 2279 3304 Qui
2322 3226 2489 3292 hanc
2520 3226 2931 3292 donationem

685 3328 963 3410 benigna
1006 3328 1232 3393 mentis
1277 3328 1623 3394 intentione
1671 3330 2056 3414 custodierit,
2105 3338 2365 3398 aeterna
2393 3331 2779 3399 beatitudine
2820 3351 2929 3397 co·

686 3439 959 3517 ronetur,
1006 3440 1275 3516 ornetur,
1309 3435 1725 3517 glorificetur:
1772 3437 1881 3520 qui
1910 3444 2121 3503 autem
2149 3440 2437 3505 malefico
2470 3440 2727 3524 ingenio
2756 3437 2931 3504 istud

687 3546 970 3607 avertere
1021 3540 1288 3606 voluerit
1298 3590 1317 3624 ,
1345 3552 1350 3559 “
1379 3541 1540 3607 sciat
1595 3562 1669 3607 se
1713 3564 1889 3608 reum
1932 3564 2078 3611 esse
2122 3545 2452 3629 gehennae
2496 3546 2666 3630 ignis
2714 3565 2931 3611 coram

685 3652 942 3713 aeterno
991 3644 1216 3730 judice,
1267 3648 1321 3712 si
1367 3668 1496 3713 non
1541 3648 1627 3713 ad
1671 3650 2119 3733 poenitentiam
2164 3659 2494 3719 revocatus
2538 3653 2742 3719 fuerit.

871 3752 1030 3817 Acta
1085 3759 1184 3818 est
1239 3760 1447 3821 autem
1505 3754 1668 3821 haec
1722 3756 1979 3823 donatio
2024 3778 2194 3824 anno
2242 3758 2596 3827 dominicae
2640 3761 2931 3825 incarna-

685 3858 878 3925 tionis
907 3859 1144 3942 MLXI,
1193 3860 1538 3927 indictione
1567 3864 1783 3939 XIIII,
1834 3872 2097 3949 epactae
2127 3867 2236 3949 VI,
2286 3886 2665 3933 concurrens
2703 3869 2752 3932 I.
2820 3864 2933 3930 Ad

688 3964 1186 4032 confirmandum
1245 3988 1396 4033 vero
1451 3974 1711 4035 nostrae
1770 3971 2114 4038 beneficiae
2180 3992 2406 4039 munus
2462 3974 2530 4039 hi
2587 3980 2779 4040 testes
2834 3971 2932 4037 af-

687 4071 952 4156 fuerunt,
1002 4092 1266 4155 quorum
1310 4076 1568 4140 nomina
1614 4075 1779 4140 infra
1823 4084 1969 4142 sunt
2014 4086 2365 4145 carraxata.

869 4180 1008 4263 Ego
1044 4179 1199 4247 Giso
1230 4182 1354 4246 Dei
1408 4182 1616 4265 gratia
1662 4182 1999 4269 episcopus
2047 4184 2211 4251 hanc
2252 4192 2491 4251 cartam
2537 4184 2773 4253 dictavi
2822 4197 2928 4253 -1-.

867 4404 910 4469 ¹)
945 4402 1120 4457 Jhesu
1157 4404 1227 4457 K.
1334 4405 1377 4468 ²)
1417 4405 1671 4460 videntur
1702 4406 1775 4461 K.
1883 4413 1927 4476 ⁸)
1966 4409 2099 4465 data
2134 4426 2169 4465 a
2202 4410 2275 4467 Κ.
