3209 5434
1319 536 1443 600 137

260 691 534 777 plurima
594 693 864 759 servicia
921 694 1423 760 antecessoribus
1480 695 1712 760 nostris
1768 694 2048 760 hilariter
2105 694 2383 759 exhibita
2438 702 2500 760 et

262 801 543 884 ipsorum
592 801 761 867 circa
791 801 1059 865 Romani
1090 801 1337 885 imperii
1366 804 1823 886 promotionem
1854 802 2110 885 vigilem
2142 802 2498 867 sollerciam

262 909 580 992 respicere
626 909 929 990 volentes,
987 909 1322 992 privilegia
1369 931 1409 973 a
1456 909 1619 975 divis
1667 910 1953 992 augustis
2001 909 2231 973 nostris
2276 908 2496 992 prede-

263 1015 623 1080 cessoribus
672 1016 763 1079 eis
813 1034 1136 1097 concessa,
1186 1022 1316 1080 tam
1362 1014 1443 1080 de
1484 1017 1663 1100 pacis
1696 1016 1974 1100 ipsorum
2008 1014 2495 1097 confirmatione,

263 1142 453 1205 quam
500 1123 689 1186 etiam
736 1120 817 1186 de
863 1122 1139 1187 thelonei
1166 1109 1610 1207 exemptione,
1664 1121 1833 1205 quod
1879 1123 2097 1206 lingua
2140 1121 2501 1186 theutonica

262 1229 736 1312 interpretatum
798 1234 895 1294 est
949 1230 1074 1311 zol,
1139 1230 1205 1293 in
1260 1230 1547 1295 omnibus
1594 1230 1751 1294 locis
1812 1250 2008 1311 regno
2055 1230 2340 1293 Romano
2401 1248 2500 1293 as-

263 1336 532 1418 signatis
579 1335 873 1401 videlicet
917 1336 1387 1418 Frankenvort,
1449 1337 1796 1418 Bobarten,
1846 1336 2262 1417 Hamerstein,
2313 1336 2500 1400 Drut-

261 1442 517 1525 munde,
569 1443 876 1524 Groslarie,
928 1443 1241 1525 Angeren,
1291 1443 1599 1525 Dusburc,
1652 1442 1884 1508 Werde
1931 1442 2090 1506 sicut
2121 1441 2358 1506 domini
2389 1442 2498 1505 im·

261 1550 573 1634 pera-toris
620 1549 903 1614 Heinrici
949 1550 1154 1631 quarti
1201 1550 1581 1617 autenticum
1625 1550 2019 1634 privilegium
2070 1548 2162 1613 eis
2203 1547 2498 1612 traditum

266 1658 564 1739 continet,
614 1651 1077 1740 [confirmamus
1095 1650 1187 1740 ¹)].
1252 1658 1575 1740 Volumus,
1626 1656 1955 1721 statuimus
1987 1661 2049 1720 et
2075 1656 2331 1720 firmiter
2360 1675 2499 1739 pre-

263 1764 551 1847 cipimus,
601 1769 669 1827 ut
714 1764 792 1827 ab
826 1764 995 1828 omni
1024 1763 1317 1828 theloneo
1353 1764 1417 1828 in
1448 1764 1811 1828 memoratis
1843 1763 2002 1827 locis
2035 1763 2098 1826 in
2129 1769 2500 1847 perpetuum

264 1871 393 1935 sint
439 1870 727 1954 absoluti,
779 1877 840 1934 et
886 1890 965 1934 ne
998 1870 1137 1951 quis
1171 1876 1504 1941 extraneus
1552 1871 1821 1952 aliquem
1857 1869 1937 1934 de
1967 1869 2227 1953 prefatis
2260 1870 2497 1934 civibus

264 1978 498 2043 nostris
544 1977 647 2043 vel
693 1977 922 2059 aliquis
970 1978 1196 2043 civium
1244 1977 1517 2059 aliquem
1564 1983 1926 2042 extraneum
1973 1997 2101 2040 non
2146 1977 2349 2060 possit
2389 1976 2499 2040 ali-

260 2090 575 2167 quatenus
622 2085 687 2148 in
736 2084 946 2149 duello
992 2086 1319 2168 impetere,
1380 2084 1506 2148 alia
1560 2074 1809 2166 quoque
1844 2082 1993 2166 jura
2038 2084 2499 2165 qualiacunque

264 2197 327 2256 et
373 2191 573 2255 bonas
622 2191 1105 2256 consuetudines
1151 2190 1583 2274 privilegiatas
1632 2191 1724 2256 eis
1773 2190 2229 2272 confirmamus,
2280 2209 2496 2254 omnes

262 2303 553 2383 posteros
601 2303 851 2363 nostros
898 2299 1183 2362 Romano
1231 2298 1493 2381 imperio
1551 2303 1697 2381 post
1741 2317 1858 2362 nos
1907 2316 2312 2362 successuros
2359 2295 2497 2359 dili-

261 2406 511 2489 gentius
560 2410 874 2487 roganteS,
924 2410 991 2468 ut
1037 2406 1197 2469 sicut
1243 2406 1366 2489 ipsi
1409 2405 1581 2469 facta
1621 2424 1737 2469 sua
1784 2404 2041 2488 cupiunt
2085 2404 2326 2487 illibata
2371 2422 2498 2467 ser-

260 2512 415 2593 vari,
466 2512 556 2575 ita
599 2511 784 2595 hujus
831 2512 1029 2575 nostri
1075 2512 1388 2595 privilegii
1426 2512 1787 2576 firmitatem
1822 2510 2114 2574 fidelibus
2153 2510 2496 2575 Wormatie

262 2617 717 2683 habitatoribus
749 2618 1053 2683 munitam
1085 2638 1338 2683 servare
1371 2623 1588 2683 curent
1620 2624 1681 2682 et
1711 2618 1973 2682 illesam.
2041 2616 2160 2694 Qui
2207 2617 2280 2698 si,
2329 2614 2497 2698 quod

262 2726 455 2807 absit,
518 2745 635 2789 nos
693 2726 759 2789 in
805 2724 927 2789 hoc
972 2724 1139 2789 facto
1185 2729 1399 2788 nostro
1444 2724 1923 2806 infirmaverint,
1982 2744 2052 2789 se
2108 2717 2278 2807 [et²)]
2328 2722 2497 2804 quod

260 2832 527 2897 fecerint
570 2832 637 2896 in
668 2830 789 2895 hoc
837 2830 1149 2896 debilitari
1196 2830 1473 2895 credant.
1546 2832 1632 2896 Ut
1676 2832 1866 2914 igitur
1895 2831 2015 2896 hec
2045 2836 2257 2895 nostre
2289 2835 2497 2894 aucto-

262 2938 465 3003 ritatis
510 2938 782 3020 traditio,
835 2958 1025 3021 quam
1070 2937 1154 3001 ad
1202 2942 1412 3002 cetera
1457 2938 2014 3004 wormatiensium
2057 2937 2394 3021 privilegia
2439 2941 2500 3001 et

260 3046 393 3111 alia
447 3046 727 3129 ipsorum
777 3044 926 3127 jura
984 3043 1301 3108 servanda
1358 3051 1419 3109 et
1478 3044 1911 3109 confirmanda
1961 3044 2052 3108 eis
2101 3044 2492 3126 contulimus,

262 3153 507 3217 stabilis
578 3158 639 3217 et
698 3151 1071 3216 inconvulsa
1138 3151 1305 3216 omni
1364 3172 1479 3217 evo
1548 3171 1918 3235 permanere
1986 3150 2238 3232 debeat,
2313 3150 2495 3231 signo

259 3265 478 3324 nostro
548 3259 1087 3323 corroboravimus
1158 3264 1219 3323 et
1286 3259 1502 3322 subtus
1572 3258 1770 3322 nostri
1830 3257 2225 3341 inpressione
2304 3255 2496 3338 sigilli

249 3366 559 3452 jussimus
605 3365 924 3448 insigniri,
987 3366 1280 3449 ascriptis
1333 3366 1625 3447 testibUS,
1690 3365 1797 3445 qui
1841 3363 2133 3429 viderunt
2179 3370 2242 3428 et
2285 3362 2496 3427 audie-

258 3480 435 3538 runt:
486 3472 754 3538 Sifridus
787 3472 1155 3555 Moguntine
1202 3472 1371 3540 sedis
1404 3471 1938 3561 archiepiscopuS,
1988 3470 2315 3539 ‚Iohannes
2346 3471 2497 3535 Tre-

257 3580 529 3646 virensis
577 3580 1109 3664 archiepiscopUS,
1161 3579 1635 3644 Cameracensis
1680 3579 2032 3662 episcopus,
2083 3576 2497 3659 Argentinen-

258 3687 352 3752 sis
386 3687 740 3771 episcopus,
777 3687 992 3751 Abbas
1021 3686 1100 3751 de
1125 3686 1515 3767 Wizenburc,
1535 3684 2093 3767 ‘Wirzeburgensis
2127 3684 2493 3767 episcopus3

256 3794 437 3859 laici:
487 3793 678 3859 frater
724 3799 937 3858 noster
982 3793 1315 3857 Heinrieus
1361 3792 1680 3876 palatinus
1731 3810 1942 3855 comes
1988 3790 2166 3871 Reni,
2213 3788 2495 3854 marchio

258 3901 342 3966 de
388 3900 628 3984 Baden,
677 3900 1056 3965 Ludewicus
1104 3905 1166 3964 et
1195 3900 1622 3963 Hartmannus
1670 3897 1929 3961 comites
1977 3895 2491 3977 deWirtenberc,

257 4026 472 4072 comes
518 4006 879 4072 Friderieus
937 4005 1017 4071 de
1063 4006 1391 4088 Liningin,
1454 4003 1784 4070 Gunradus
1842 4004 2117 4067 hirsutus
2177 4023 2386 4067 comes
2435 4008 2496 4066 et

258 4113 374 4178 filii
422 4112 538 4196 sui,
592 4113 974 4179 Godefridus
1022 4132 1233 4179 comes
1282 4112 1360 4177 de
1393 4111 1739 4196 Spanheim
1785 4116 1846 4176 et
1892 4110 1999 4174 alii
2048 4130 2235 4191 quam
2281 4109 2493 4192 plures

256 4220 472 4286 clerici
517 4226 580 4285 et
621 4220 787 4285 laici.
860 4215 979 4304 (M)
1014 4277 1024 4290 ,

436 4446 479 4509 ¹)
517 4444 690 4500 Deest
723 4445 782 4499 in
817 4448 930 4499 aut.
1072 4445 1115 4509 ²)
1157 4430 1332 4499 Deest
1364 4443 1421 4499 in
1456 4448 1570 4499 aut.
