3209 5434
1411 510 1536 573 167

282 746 287 752 Ι
357 666 614 731 chartae
659 666 915 751 Stumpf
941 669 1041 745 71.
1077 670 1242 751 4813
1290 675 1572 733 nostrum
1603 669 1900 752 diploma,
1951 675 2215 752 utroque
2250 671 2597 753 exemplari

355 771 690 855 diligenter
735 776 1041 857 perlecto,
1091 775 1278 859 hujus
1326 796 1468 841 esse
1513 775 1764 858 generis
1784 786 1791 790 “
1812 776 2115 841 invenies.
2199 775 2597 843 conferenda

354 886 565 945 autem
635 886 780 945 sunt
835 900 977 946 cum
1047 902 1122 946 eo
1188 888 1452 963 quatuor
1511 883 1901 966 exemplaria
1960 884 2321 967 diplomatis
2384 873 2601 950 Caroli*

355 986 589 1069 Crassi,
637 987 912 1053 Bohmer
955 989 1232 1071 Regesta
1277 988 1642 1054 Oarolorum
1678 991 1823 1072 749,
1877 990 1957 1055 de
2000 989 2224 1072 quibus
2270 991 2398 1073 egit
2426 989 2595 1055 idem

306 1094 450 1159 .vir
520 1093 920 1160 doctissimus
989 1096 1054 1159 in
1123 1095 1359 1160 Codice
1426 1094 1831 1179 diplomatico
1896 1096 2594 1163 Moenofrancofurtano

351 1221 414 1283 p.
451 1199 511 1265 5.
585 1200 762 1278 Quae
807 1200 1157 1286 diplomata
1200 1222 1324 1284 quo
1371 1201 1605 1267 factum
1653 1204 1735 1268 sit
1779 1211 1846 1268 ut
1892 1204 2054 1269 adeo
2101 1204 2261 1268 inter
2300 1224 2371 1269 se
2418 1203 2595 1270 diffe-

352 1313 522 1390 rant,
589 1307 876 1392 diligenti
924 1308 1363 1391 disquisitione
1409 1308 1841 1379 demonstrare
1887 1330 2121 1394 operae
2164 1310 2432 1394 pretium
2478 1315 2591 1376 est.

532 1522 650 1587 No.
689 1523 790 1586 13.
831 1523 930 1586 14.
1003 1521 1318 1586 Eximium
1364 1520 1726 1604 diplomatis
1776 1523 2051 1606 corrupti
2098 1529 2159 1588 et
2197 1523 2594 1608 transscripti

353 1629 707 1713 exemplum
765 1629 1027 1713 praebet
1071 1628 1291 1694 charta
1335 1635 1554 1693 nostra
1607 1635 1831 1711 quarta
1885 1617 2187 1712 decimas
2220 1650 2410 1712 quam
2454 1629 2593 1714 jam

352 1737 762 1801 Heumannus
818 1730 945 1819 (De
1003 1756 1071 1801 re
1117 1735 1440 1820 diplomat.
1492 1736 1960 1820 imperatricum
2011 1738 2165 1820 122,
2224 1736 2263 1814 ἓ
2295 1738 2383 1801 94
2428 1732 2593 1820 init.)
2654 1755 2659 1760 ·

351 1862 483 1907 non
527 1844 717 1926 plane
762 1844 1101 1926 genuinam
1154 1863 1297 1909 esse
1356 1844 1713 1927 suspicatus
1762 1850 1872 1909 est.
1952 1844 2130 1909 Illius
2188 1845 2353 1909 enim
2407 1850 2591 1909 notas

358 1950 840 2033 chronologicas
883 1956 947 2015 et
973 1950 1470 2033 recognitionem
1502 1950 1863 2015 cancellarii
1894 1970 1975 2015 ex
2005 1950 2348 2035 diplomate
2376 1956 2591 2016 nostro

350 2056 534 2144 tertio
582 2056 826 2122 decimo
885 2056 1238 2140 descriptas
1296 2076 1438 2121 esse
1453 2051 1501 2139 ¹)
1511 2066 1546 2139 ,”
1589 2056 1767 2141 cujus
1826 2058 2101 2140 sigillum
2146 2058 2433 2123 avulsum
2475 2058 2591 2122 fal-

350 2164 556 2229 sarius
605 2164 736 2229 suis
783 2162 1150 2228 adulterinis
1195 2164 1426 2228 tabulis
1470 2164 1791 2248 impressit
1818 2171 1879 2229 et
1909 2163 2087 2249 cujus
2117 2146 2593 2248 monogramma

353 2271 508 2337 satis
543 2276 835 2336 accurate
869 2270 1226 2354 delineavit,
1261 2292 1448 2337 nemo
1477 2276 1576 2336 est
1605 2271 1710 2353 qui
1739 2292 1867 2336 non
1897 2271 2239 2354 intellegat.
2294 2271 2591 2337 Attamen

351 2398 496 2443 sese
551 2378 690 2462 ipse
747 2376 1042 2461 prodidit.
1127 2378 1291 2443 Nam
1343 2398 1472 2442 non
1519 2380 1722 2443 solum
1768 2378 2006 2443 litteras
2053 2378 2230 2462 ipsas
2240 2429 2258 2463 ,
2318 2399 2476 2461 quas
2522 2379 2591 2444 in

347 2485 566 2549 tabula
611 2484 742 2549 aeri
786 2484 990 2548 incisa
1037 2484 1207 2567 apud
1252 2484 1709 2569 Schopfiinium
1754 2485 2096 2570 inspiciaS‚'
2138 2487 2391 2551 saeculo
2438 2485 2589 2551 duo-

350 2591 596 2657 decimo
655 2591 925 2674 scriptas
985 2611 1128 2657 esse
1183 2592 1384 2676 primo
1446 2592 1713 2674 quisque
1774 2599 2036 2676 aspectu
2100 2593 2303 2675 videt3
2372 2613 2589 2658 verum

349 2699 539 2764 etiam
559 2698 847 2764 Crismon
879 2698 1196 2781 omissum,
1223 2719 1571 2782 pronomen
1599 2693 1795 2783 „ego“
1830 2706 2049 2765 contra
2070 2721 2305 2765 morem
2332 2719 2497 2783 saec.
2523 2700 2589 2765 X

347 2806 517 2888 regis
548 2804 788 2871 nomini
817 2805 1253 2888 praemissum,
1303 2806 1433 2872 alia
1462 2805 1789 2871 falsarium
1819 2828 1948 2871 non
1980 2808 2135 2873 satis
2167 2812 2346 2871 caute
2378 2806 2588 2889 egisse

346 2913 635 2997 probant.
721 2911 897 2989 Quae
959 2932 1100 2976 cum
1145 2912 1236 2977 ita
1282 2913 1433 2996 sint,
1495 2920 1700 2978 utrum
1750 2934 1820 2979 re
1865 2934 2019 2979 vera
2061 2912 2430 2978 Adelheidis
2476 2912 2587 2977 im-

346 3019 626 3104 peratrix
683 3020 1066 3085 monasterio
1126 3020 1343 3084 villam
1401 3025 1465 3085 et
1507 3021 1817 3103 capellam
1862 3019 2587 3084 Amalricheswilrenses
2697 3050 2701 3056 ·

350 3126 678 3192 donaverit
723 3146 939 3209 necne,
991 3146 1115 3191 non
1166 3126 1320 3191 satis
1369 3132 1633 3209 constat,
1684 3146 2062 3208 quamquam
2108 3146 2209 3191 res
2252 3125 2395 3208 ipsa
2433 3124 2587 3189 mihi

348 3233 670 3299 credibilis
730 3253 872 3298 esse
917 3233 1181 3298 videtur.
1262 3233 1711 3298 concambium
1758 3238 1966 3297 autem
2012 3233 2180 3315 quod
2230 3232 2585 3297 confirmari

345 3340 610 3422 videtur,
659 3360 893 3423 verum,
943 3360 1072 3405 non
1116 3339 1346 3422 fictum,
1399 3339 1514 3405 sed
1559 3341 1639 3404 ab
1685 3339 2063 3422 imperatore
2098 3360 2225 3404 non
2257 3339 2583 3404 confirma-

343 3454 476 3512 tum
523 3467 666 3512 esse
711 3447 992 3511 arbitror.
1066 3447 1355 3512 Ceterum
1400 3446 1466 3510 in
1497 3446 1638 3530 ipso
1674 3445 2018 3530 diplomate
2062 3452 2284 3528 quarto
2317 3446 2579 3530 decim0,

346 3554 632 3638 quamvis
691 3554 971 3638 spurium
1029 3555 1136 3638 sit,
1188 3554 1492 3619 nonnulla
1538 3559 1683 3618 sunt
1738 3560 1956 3619 notatu
2009 3551 2411 3635 dignissima:
2471 3553 2583 3616 im-

344 3662 564 3745 primis
610 3682 820 3745 poena
847 3661 1138 3726 violatori
1174 3660 1553 3726 denunciata
1588 3666 1650 3725 et
1683 3659 1805 3724 duo
1837 3660 1947 3723 illa
1980 3658 2338 3724 enunciata.
2397 3658 2584 3741 „quia

343 3774 559 3833 nostre
603 3767 1011 3833 immunitatis
1059 3761 1217 3833 cet.“
1270 3738 1496 3851 atque
1509 3773 1611 3850 „et
1664 3771 1730 3830 ut
1786 3786 1981 3850 supra
2037 3766 2273 3849 scripta
2325 3765 2583 3830 donatio

345 3881 460 3941 cet.
473 3868 504 3903 “
567 3909 655 3919 -—
714 3873 1018 3940 Conferas
1076 3894 1218 3939 cum
1261 3879 1493 3938 nostro·
1538 3872 1881 3956 diplomate
1934 3872 2166 3937 similia
2208 3872 2581 3956 transscrip-

341 3981 534 4047 tionis
566 3983 861 4065 exempla
891 3981 1147 4065 Stumpf
1189 3981 1314 4045 126
1362 3986 1425 4044 et
1474 3981 1631 4062 1293
1683 3980 1811 4044 263
1846 3985 1907 4043 et
1953 3980 2112 4062 2643
2162 3980 2291 4044 488
2325 3984 2386 4043 61;
2414 3980 2577 4061 489;

343 4087 478 4153 510
507 4088 760 4171 61;512;
809 4087 961 4171 553,
1001 4087 1152 4170 554,
1185 4085 1347 4169 555;
1396 4086 1548 4169 452,
1583 4084 1736 4168 453,
1770 4085 1931 4168 566;
1982 4085 2113 4151 935
2156 4092 2217 4151 et
2248 4086 2397 4168 936,
2432 4085 2576 4151 alia.

525 4333 564 4399 ι)
621 4332 708 4387 Ita
768 4335 959 4387 tamen
1017 4319 1078 4385 ut
1134 4331 1392 4386 vitiosum
1457 4344 1743 4385 numerum
1800 4330 1931 4385 anni
1987 4330 2377 4385 incarnationis
2431 4335 2581 4386 recte

339 4420 676 4512 emendaret,
711 4420 856 4476 diem
896 4425 1078 4475 autem
1115 4420 1408 4475 omitteret.
