3209 5434
1359 505 1485 570 103

298 663 781 747 imperatoribus
813 663 899 729 ad
930 663 1184 728 domum
1216 664 1283 728 in
1313 664 1553 730 honore
1592 664 1796 729 sancti
1827 665 2160 730 salvatoris
2192 672 2254 730 et
2283 671 2542 755 sanctae

298 769 425 855 Q
479 770 802 853 genitricis
862 770 1103 853 erae
1161 772 1488 854 sanctique
1544 770 1787 855 Kiliani
1841 771 2136 856 martyris
2189 772 2420 858 Qhristi
2473 772 2542 837 in

298 877 452 942 urbe
496 876 894 942 Wirciburch
956 876 1123 942 dono
1179 877 1443 960 tradita,
1502 878 1736 943 nostris
1800 879 2185 963 temporibus
2243 877 2391 944 inde
2445 885 2542 943 est

297 984 592 1051 alienata.
678 984 1000 1067 Erlungus
1066 991 1274 1050 autem
1320 985 1868 1067 wirceburgensis
1919 986 2274 1051 aecclesiae
2327 986 2541 1069 presul

296 1110 413 1177 per
479 1091 896 1155 interventum
966 1091 1255 1176 conjugis
1332 1098 1587 1156 nostrae
1654 1090 1979 1157 Mathildis
2048 1098 2111 1157 et
2171 1092 2542 1157 Herimanni

295 1197 717 1281 Augustensis
764 1198 1048 1282 episcopi
1096 1205 1157 1263 et
1203 1182 1527 1288 &fidalrici
1572 1198 1948 1264 Eistetensis
1997 1198 2282 1283 episcopi
2327 1204 2390 1264 et
2427 1200 2540 1263 Er-

295 1304 429 1371 lolfi
475 1303 815 1370 Vuldensis
875 1305 1120 1370 abbatis
1178 1311 1240 1370 et
1299 1305 1612 1370 Gerhardi
1656 1305 2198 1388 Merseburgensis
2255 1306 2541 1390 episcopi

296 1418 361 1479 et
392 1411 722 1477 Godefridi
768 1412 1014 1477 comitis
1060 1411 1323 1495 palatini
1371 1418 1433 1477 et
1462 1411 1818 1495 Beringarii
1865 1411 2110 1476 comitis
2153 1412 2541 1495 aliorumque

294 1516 577 1584 fidelium
620 1525 977 1584 nostrorum
1024 1519 1393 1603 suppliciter
1438 1518 1595 1583 adiit
1636 1518 2035 1603 majestatem
2068 1524 2351 1584 nostram
2398 1540 2540 1584 cum

294 1625 594 1693 universo
639 1626 811 1709 cleri,
859 1626 1138 1709 militiae,
1187 1626 1393 1710 plebis
1440 1624 1727 1709 ejusdem
1759 1626 1883 1691 loci
1929 1631 2242 1691 conventu
2282 1646 2534 1710 rogam,

294 1738 365 1799 ut
407 1733 713 1799 honorem
756 1732 1083 1818 praefatae
1115 1732 1440 1817 dignitatis
1487 1733 1690 1816 regali
1719 1719 2146 1799 munificentia
2190 1740 2252 1799 et
2285 1739 2538 1799 nostrae

296 1840 685 1905 auctoritatis
734 1840 1066 1906 clementia
1110 1839 1422 1905 ecclesiae
1466 1845 1851 1904 memoratae
1894 1845 2024 1903 tam
2070 1860 2187 1925 pro
2235 1840 2536 1923 obsequio

297 1967 452 2013 suae
496 1946 846 2032 fidelitatis,
906 1968 1094 2031 quam
1138 1966 1255 2031 pro
1302 1947 1804 2011 remuneratione
1850 1945 2103 2012 divinae
2148 1947 2398 2030 pietatis
2444 1966 2538 2012 re-

296 2029 740 2121 stitueremus.‘'
771 2053 966 2139 Cujus
1000 2052 1253 2136 quidem
1282 2053 1581 2138 peticioni
1613 2054 1882 2137 primum
1913 2073 2026 2137 pro
2060 2073 2273 2118 amore
2305 2052 2538 2119 Christi

296 2168 359 2227 et
403 2168 662 2227 sanctae
706 2162 830 2259 ppei·
875 2160 1196 2245 genitricis
1244 2165 1305 2225 et
1349 2160 1611 2244 pretiosi
1655 2160 1950 2244 martyris
1996 2159 2256 2249 Kjfifflb
2307 2158 2537 2225 deinde

294 2288 413 2355 pro
457 2275 712 2335 nostrae
743 2268 965 2334 salutis
1000 2273 1301 2352 provectu
1346 2266 1828 2350 satisfacientes,
1877 2287 1994 2351 per
2037 2268 2158 2332 hoc
2192 2267 2536 2351 imperialis

293 2375 801 2460 magnificentiae
830 2371 1082 2459 insigne
1126 2374 1527 2457 restituimUS,
1580 2373 2022 2439 confirmamus
2056 2380 2117 2439 et
2145 2373 2537 2440 validissime

295 2484 772 2549 corroboramus
836 2482 921 2547 ad
978 2481 1232 2547 domum
1288 2481 1598 2566 prefatam
1653 2481 1857 2569 sancti
1903 2482 2236 2549 salvatoris
2290 2487 2354 2546 et
2396 2502 2534 2565 pre·

292 2590 440 2657 tiosi
498 2591 792 2675 martyris
853 2589 1095 2674 Kiliani
1160 2589 1511 2674 predictam
1572 2589 1944 2673 dignitatem
2001 2609 2140 2654 cum
2200 2589 2370 2653 omni
2425 2609 2535 2672 po·
2599 2654 2603 2657 .

294 2704 549 2782 testate,
610 2718 739 2762 non
784 2698 1159 2763 imminuens
1175 2692 1222 2780 ²)
1266 2697 1566 2762 terminos
1615 2718 1655 2762 a
1699 2696 2256 2782 predecessoribus
2301 2694 2534 2761 nostris

294 2806 355 2872 ei
402 2804 746 2889 prefinitos.
828 2805 911 2870 Et
953 2803 1141 2889 hujus
1187 2810 1442 2869 nostrae
1489 2804 1920 2869 concessionis
1966 2785 2279 2887 imperiali
2324 2809 2534 2868 aucto·

292 2912 479 2978 ritate
540 2912 933 2996 prefinimuS‚
1005 2917 1073 2976 ut
1146 2911 1285 2975 sine
1342 2911 1619 2976 omnium
1676 2911 2170 2977 contradictione
2227 2910 2533 2994 majorum

296 3020 433 3085 sive
476 3020 806 3102 minorum,
856 3038 1075 3102 regum
1120 3018 1222 3083 vel
1267 3018 1621 3103 principum
1667 3018 1731 3083 in
1751 3017 1897 3102 jure
1942 3017 2150 3082 dictae
2183 3018 2533 3083 aecclesiae

292 3133 601 3212 perpetuo
647 3131 1031 3210 permaneat,
1082 3131 1144 3190 et
1189 3126 1362 3190 solus
1408 3124 1729 3209 predictus
1777 3125 2114 3209 episcopus
2162 3129 2224 3188 et
2264 3124 2363 3189 sui
2394 3143 2532 3189 suc-

293 3253 581 3301 cessores
635 3233 801 3298 hanc
836 3231 1241 3316 judiciariam
1294 3238 1671 3317 potestatem
1716 3231 2092 3316 potestative
2137 3230 2314 3315 juxta
2359 3237 2531 3296 ante-

293 3361 615 3407 cessorum
684 3346 1039 3406 nostrorum
1107 3339 1517 3404 tradicionem
1587 3337 1926 3403 exercendi
1989 3345 2362 3422 potestatem
2422 3337 2530 3403 ha-

290 3441 515 3531 beat²).
588 3448 675 3513 Ut
719 3453 927 3512 autem
972 3446 1132 3512 haec
1176 3453 1432 3513 nostrae
1478 3436 1867 3511 auctoritatis
1912 3446 2218 3510 restitutio
2251 3451 2312 3510 et
2341 3465 2533 3529 super

291 3553 413 3620 hac
459 3574 528 3620 re
557 3553 727 3619 facta
758 3554 1146 3619 confirmatio
1195 3575 1235 3618 a
1266 3553 1507 3619 cunctis
1539 3552 1920 3628 inviolabilis
1951 3554 2115 3617 ultra
2143 3557 2528 3635 permaneat,

293 3660 460 3727 hanc
505 3667 760 3726 nostrae
807 3660 1163 3726 dona-tionis
1208 3662 1717 3747 praeceptionem
1763 3658 1912 3724 inde
1958 3658 2397 3742 conscriptam,
2447 3659 2529 3723 si-

289 3769 443 3853 gillo
487 3774 706 3833 nostro
762 3767 1001 3851 signari
1044 3767 1350 3853 jussimus
1396 3786 1711 3850 manuque
1755 3766 2040 3851 propria,
2099 3771 2168 3830 ut
2225 3764 2389 3830 infra
2439 3765 2528 3829 vi·

289 3874 488 3959 detur,
538 3875 1069 3959 subscripsimuS.'

610 3982 873 4065 Signum
918 3981 1200 4046 Heinrici
1246 3981 1451 4064 quarti
1495 3981 1924 4045 Romanorum
1968 3978 2364 4063 imperatoris
2408 3972 2529 4061 (M)

715 4088 1128 4153 invictissimi.
1198 4082 1297 4171 (L.
1332 4082 1428 4171 S.)

608 4196 825 4260 Bruno
871 4194 1284 4261 cancellarius
1330 4193 1671 4278 recognovi
1715 4192 1855 4259 vice
1899 4190 2457 4257 archicancellarii.

464 4424 508 4488 ¹)
546 4421 642 4475 sic.
682 4421 717 4475 l.
756 4420 1157 4476 imminuentes.
1300 4421 1345 4487 2)
1384 4420 1480 4476 sic.
1518 4421 1554 4474 l.
1590 4418 1846 4475 habeant.

2641 28 2644 31 ·
2747 20 2785 35 vv
2804 20 2832 33 ···..
2860 20 2899 31 um
2994 20 3003 27 ν
3042 22 3058 31 κ
3075 20 3090 33 ;;

2647 82 2656 89 .
2667 76 2672 83 ·
2755 76 2764 87 τ
2777 76 2784 79 ·
2967 82 2972 89 .
2997 74 3024 85 -··-
3039 82 3044 89 .

3125 1006 3128 1011 .
3123 928 3130 935 ,
3125 898 3130 905 ,
3121 854 3128 859 -
3121 806 3124 811 -
3125 736 3138 751 ..
3125 670 3142 691 ὤ
3119 620 3136 649 -j,
3113 534 3142 591 ’,ι’
3123 488 3132 511 ..
3113 450 3142 469 J

3163 1160 3168 1165 .
3149 1020 3154 1035 ”
3145 944 3160 977 ·¹-
3153 818 3168 855 w.
3149 754 3164 767 ·-
3149 724 3156 735 ·
3147 678 3152 683 “
3149 606 3166 631 .·.·
3149 532 3168 589 ιω.
3147 482 3150 487 “

3179 1223 3183 1267 ..-
3167 1074 3181 1125 ,ἐι-μ.
3165 637 3181 1065 A-A—LflfA-dass—-t-ss—
3171 540 3177 549 ι
3171 516 3177 531 Α
3175 482 3177 503 -
3175 461 3177 474 -
