3209 5434
1702 479 1831 545 164

634 639 974 707 verisimile
1021 644 1133 705 est.
1201 638 1409 704 Unum
1455 644 1697 703 tantum
1746 637 2144 703 enunciatum
2191 634 2625 721 „decernimus
2670 633 2881 714 itaque

635 753 698 812 et
741 746 960 829 regali·
989 752 1208 810 nostra
1253 745 1625 811 auctoritate
1670 745 1989 809 sancimus
2004 794 2023 827 ,
2082 750 2151 808 ut
2207 744 2415 808 nullus
2462 739 2884 823 archiepisco-

635 872 859 936 porum
915 859 1023 917 aut
1078 853 1520 937 episcoporum
1577 851 1745 916 infra
1796 852 2224 936 praescriptos
2266 848 2569 935 ,terminos
2626 842 2884 927 aliquod

626 958 736 1043 jus
787 959 908 1025 sibi
956 979 1261 1044 usurpare
1307 964 1697 1044 praesumat,
1760 957 1876 1023 sed
1932 958 2145 1023 omnia
2190 956 2358 1021 dicto
2406 955 2711 1039 episcopo
2758 952 2883 1015 Ha-

638 1065 1036 1148 velbergensi
1095 1073 1158 1132 et
1212 1065 1347 1151 ejus
1403 1066 1873 1131 successoribus
1921 1064 2269 1149 episcopali
2304 1062 2449 1148 jure
2494 1059 2880 1145 subjaceant,

635 1178 766 1259 tam
823 1172 889 1236 in
945 1172 1204 1238 decimis
1264 1172 1494 1238 dandis
1553 1192 1741 1255 quam
1802 1171 1867 1235 in
1926 1171 2096 1253 aliis,
2158 1191 2278 1253 que
2334 1168 2419 1235 ad
2474 1167 2884 1233 christianam

635 1277 844 1361 legem
891 1274 1212 1361 spectent“
1266 1280 1566 1345 omissum
1614 1285 1711 1343 est
1762 1278 1827 1342 in
1875 1278 2217 1362 diplomate
2263 1271 2878 1357 Brandenburgensi,

637 1385 808 1468 quod
863 1405 989 1450 non
1037 1387 1174 1452 sine
1233 1392 1406 1451 certa
1457 1404 1653 1450 causa
1708 1384 1943 1449 sactum
2002 1405 2144 1451 esse
2189 1381 2538 1468 putandum
2583 1386 2695 1446 est.
2782 1380 2885 1443 De

636 1498 900 1575 utroque
931 1492 1274 1578 diplomate
1307 1492 1784 1577 disputaverunt
1807 1491 2205 1558 Hasselbach
2229 1497 2291 1555 et
2316 1489 2565 1554 Medem
2588 1489 2653 1552 in
2688 1504 2884 1551 anno·

636 1601 976 1665 tationibus
1020 1620 1174 1666 suae
1205 1600 1465 1665 editioni
1498 1600 1814 1681 adiunctis
1846 1594 2027 1682 (Ood.
2066 1598 2215 1681 dipl.
2252 1595 2667 1662 Pomeraniae
2694 1594 2737 1659 1.
2774 1587 2879 1674 c.),

637 1705 742 1771 ubi
801 1708 991 1771 etiam
1047 1707 1312 1771 aliorum
1357 1707 1657 1771 librorum
1717 1706 1823 1788 qui
1879 1726 1958 1770 ea
2001 1710 2273 1769 tractant
2315 1704 2529 1767 titulos
2574 1699 2880 1778 invenies,

639 1819 701 1878 et
734 1814 969 1897 Kopke
1004 1814 1068 1877 in
1093 1813 1336 1897 Ranke,
1377 1812 1774 1880 Jahrbuoher
1811 1812 1925 1876 des
1959 1809 2301 1876 deutschen
2325 1807 2557 1874 Reichs
2581 1809 2632 1891 I,
2660 1808 2721 1889 2,
2756 1804 2886 1869 114

637 1914 909 2003 (excurs.
945 1915 1086 2003 XI),
1138 1920 1244 2002 qui
1291 1920 1596 2003 imprimis
1646 1919 1805 1983 duas
1839 1918 2091 1983 chartas
2136 1913 2326 2000 (quae
2362 1916 2591 2000 partim
2636 1913 2758 1979 sibi
2785 1930 2887 1977 re-

637 2021 949 2111 pugnant)
994 2026 1157 2092 inter
1203 2036 1272 2091 se
1321 2027 1661 2092 conciliare
1708 2025 1933 2091 studet.

818 2240 935 2305 Nc.
971 2240 1030 2303 9.
1119 2240 1398 2304 Primum
1455 2247 1711 2305 nostrae
1758 2238 2148 2305 collectionis
2196 2236 2580 2319 exemplum,
2639 2251 2763 2315 quo
2822 2232 2891 2297 ei

640 2346 748 2429 qui
792 2346 962 2429 regis
1010 2353 1418 2430 praeceptum
1463 2368 1591 2411 non
1638 2346 2067 2411 observaverit
2111 2364 2320 2428 poena
2365 2340 2732 2425 pecuniaria
2774 2338 2891 2404 de-

639 2453 987 2517 nunciatur.
1075 2452 1216 2530 Qua
1275 2452 1354 2519 de
1398 2453 1670 2517 formula
1726 2459 2014 2536 egerunt:
2065 2448 2341 2533 Stumpf,
2391 2448 2893 2513 Reichskanzler

639 2560 690 2641 Ι,
734 2561 859 2624 116
909 2580 1026 2641 ss.3
1077 2559 1310 2643 Sickel,
1360 2552 1812 2641 Beitrageff’zur
1850 2556 2245 2641 Diplomatik
2289 2557 2355 2621 Π
2399 2550 2515 2637 (in*
2536 2555 2691 2619 actis
2738 2574 2893 2617 aca-

643 2665 891 2730 demiae
922 2666 1320 2748 Viennensis,
1358 2666 1542 2731 class.
1578 2663 2247 2749 historic-philosoph.
2275 2658 2584 2745 XXXIX,
2617 2660 2742 2726 135
2768 2656 2897 2743 66.)

641 2778 705 2837 61;
733 2772 899 2836 Acta
931 2772 1298 2837 Oarolorum
1321 2774 1372 2855 I,
1403 2774 1535 2836 200
1567 2792 1685 2856 ss.;
1735 2772 1983 2853 Ficker,
2020 2769 2473 2851 Forschungen
2503 2789 2612 2832 zur
2642 2767 2891 2831 italian.

641 2878 1090 2961 Rechtsgesch.
1127 2879 1176 2962 I,
1215 2880 1299 2943 62
1333 2898 1456 2961 ss.3
1491 2880 1812 2961 Bresslau,
1848 2877 2118 2943 Kanzlei
2149 2875 2447 2941 Konrads
2478 2876 2561 2940 II.
2595 2896 2656 2959 p.
2691 2876 2778 2939 43
2825 2880 2898 2939 et

643 2984 973 3068 Gottinger
1019 2985 1316 3050 Gelchrte
1356 2986 1681 3070 Anzeigen
1729 2985 1919 3069 1870,
1969 3005 2030 3068 p.
2067 2982 2396 3048 950—52.
2467 2982 2728 3065 Ficker,
2776 2981 2897 3063 qui

642 3080 812 3155 recte
870 3091 1156 3156 distinxit
1215 3113 1324 3157 eas
1386 3113 1657 3177 poenas,
1699 3086 1885 3175 =quae
1944 3111 2111 3156 nova
2169 3090 2351 3174 quasi
2409 3089 2577 3173 regis
2623 3091 2767 3171 lege
2818 3088 2898 3153 in

642 3198 800 3282 ipsis
861 3198 1222 3283 diplomatis
1279 3200 1573 3264 violatori
1634 3198 2091 3263 denunciantur
2150 3197 2272 3261 ritu
2326 3197 2569 3280 Italico,
2634 3196 2715 3261 ab
2769 3195 2894 3279 eiS,

643 3323 907 3386 quarum
949 3306 1333 3370 mentionem
1379 3327 1489 3371 rex
1536 3306 1747 3371 facere
1792 3305 2022 3389 potuit,
2070 3325 2199 3370 non
2246 3304 2489 3387 debuit,
2542 3324 2682 3369 cum
2728 3302 2897 3385 regii

643 3408 837 3474 banni
895 3410 1030 3474 sive
1085 3412 1300 3493 regiae
1353 3412 1762 3477 immunitatis
1807 3411 2075 3476 violator
2130 3413 2272 3494 lege
2316 3412 2449 3475 lata
2508 3430 2749 3493 usuque
2792 3430 2898 3475 re-

645 3521 828 3599 cepto
875 3516 1224 3600 puniretur,
1287 3517 1532 3583 illarum
1558 3519 1848 3603 -primum
1893 3518 1958 3582 in
2008 3517 2349 3582 Germania
2393 3517 2750 3599 exemplum
2794 3514 2899 3579 di-

643 3623 858 3706 ploma
904 3643 961 3687 a.
997 3624 1129 3687 994
1175 3623 1390 3689 datum
1435 3626 1679 3709 putavit
1722 3644 1867 3707 6666
1897 3620 1963 3706 (l.
2001 3644 2052 3688 c.
2088 3644 2149 3706 p.
2189 3624 2291 3706 76,
2326 3624 2401 3689 N.
2443 3620 2528 3705 1).
2602 3622 2730 3689 Sed
2749 3621 2901 3706 jam

643 3734 862 3793 nostra
895 3728 1116 3793 charta
1158 3726 1300 3794 eum
1333 3751 1542 3796 errare
1590 3730 1805 3813 docet3
1856 3729 2320 3795 observandum
2352 3736 2561 3795 autem
2598 3735 2693 3794 est
2722 3728 2901 3794 hanc

642 3834 711 3899 in
755 3835 944 3899 Italia
1002 3835 1216 3900 datam
1275 3857 1432 3902 esse.
1517 3837 1713 3902 Aliud
1772 3838 2128 3921 exemplum
2174 3842 2272 3903 est
2316 3820 2598 3921 diploma
2642 3835 2913 3919 Stumpf

644 3942 716 4006 R.
755 3942 890 4006 660
939 3941 1152 4007 datum
1198 3943 1617 4027 Magdeburgi
1662 3966 1718 4009 a.
1755 3944 1916 4027 950,
1977 3942 2148 4025 quod
2206 3944 2267 4008 ei
2321 3944 2426 4026 qui
2471 3948 2901 4008 mercatorum

643 4048 1287 4131 Magdeburgensium
1322 4051 1659 4135 privilegia
1701 4051 2049 4133 violaverit,
2099 4070 2371 4134 poenam
2417 4050 2480 4113 X
2514 4050 2903 4115 talentorum

573 4209 586 4216 -
645 4154 944 4237 minatur,
1004 4176 1162 4237 non,
1224 4160 1292 4219 ut
1343 4176 1482 4222 mos
1530 4163 1691 4240 erat,
1755 4157 1917 4222 inter
1960 4157 2181 4221 fiscum
2227 4156 2467 4239 regium
2514 4163 2577 4221 ct
2621 4156 2903 4222 violatos

648 4258 1082 4344 dividendam,
1135 4261 1274 4329 sed
1331 4269 1527 4328 totam
1587 4283 1877 4355 camerae
1934 4264 2103 4347 regis
2175 4263 2564 4329 solvendam.
2643 4262 2905 4327 Eadem

646 4386 796 4431 vero
855 4386 1064 4449 poena
1111 4367 1249 4451 jam
1303 4368 1368 4432 in
1432 4369 1675 4434 duabus
1734 4370 2018 4435 formulis
2081 4369 2162 4436 de
2209 4369 2471 4435 Roziere
2504 4372 2609 4435 27.
2645 4370 2731 4434 28
2791 4388 2905 4435 oc-
