3209 5434
968 1355 1931 1467 PRAEFATIO.

1339 1574 1552 1588 ψ

506 1713 636 1824 Ex
680 1775 805 1840 quo
826 1788 830 1794 -
849 1762 1132 1842 tempore
1177 1762 1326 1822 ante
1368 1748 1489 1824 hos
1535 1755 1757 1823 decem
1802 1759 2005 1823 annos
2039 1746 2375 1843 Philippus
2404 1747 2571 1825 Jaffe

328 1865 386 1931 b.
430 1885 512 1930 m.
561 1865 628 1930 in
671 1881 856 1930 usum
901 1864 1418 1930 exercitationum
1465 1859 2057 1948 diplomaticamm,
2104 1877 2265 1948 quas
2319 1869 2451 1930 tum
2504 1864 2573 1930 in

326 1971 732 2038 universitate
776 1971 1122 2036 litterarum
1165 1971 1562 2038 Berolinensi
1605 1969 2041 2036 moderaturus
2088 1976 2252 2054 erat,
2303 1970 2572 2054 quadra-

326 2079 505 2163 ginta
548 2077 899 2162 diplomata
941 2097 1161 2161 regum
1208 2083 1270 2143 et
1313 2077 1761 2162 imperatorum
1806 2083 2161 2142 nostrorum
2206 2076 2430 2161 edidit,
2478 2077 2573 2144 rei

327 2183 775 2269 diplomaticae
819 2183 1108 2249 doctrina
1151 2204 1350 2267 opera
1392 2191 1455 2249 et
1499 2183 1707 2249 studio
1752 2185 2030 2250 virorum
2065 2183 2571 2278 doctissimorum

325 2292 408 2357 Ka
454 2291 525 2358 F.
572 2290 846 2375 Stumpf,
918 2291 1037 2356 Th.
1086 2283 1332 2374 Siekel,
1403 2279 1502 2357 W.
1535 2291 1956 2357 Wattenbach
2010 2292 2236 2356 mirum
2292 2312 2447 2358 sane
2503 2292 2572 2358 in

325 2397 582 2464 modum
639 2399 890 2463 exculta
935 2403 1123 2480 atque
1167 2393 1480 2482 perpolita
1536 2405 1651 2464 est.
1737 2395 1876 2476 Quo
1932 2399 2029 2480 fit,
2090 2404 2160 2464 ut
2213 2400 2571 2465 chartarum

323 2505 438 2571 illa
481 2503 767 2571 collectio
812 2504 1004 2572 hodie
1056 2525 1185 2570 11011
1228 2505 1368 2590 jam
1424 2505 1729 2589 sufficiat3
1786 2511 1995 2588 atque
2027 2504 2168 2590 ipse
2211 2507 2308 2572 vir
2353 2507 2571 2573 claris-

325 2612 521 2678 simus
567 2613 681 2678 Ph.
715 2613 757 2679 J
759 2612 884 2679 affe
935 2613 1135 2678 altera
1189 2631 1332 2678 eam
1387 2611 1663 2678 editione
1692 2611 2057 2678 'emendare
2103 2619 2291 2696 atque
2335 2633 2571 2696 augere

323 2720 390 2786 in
446 2720 656 2785 animo
713 2718 962 2785 videtur
1013 2719 1345 2802 habuisse,
1417 2719 1536 2785 sed
1602 2720 1899 2804 abreptus
1958 2725 2159 2786 morte
2214 2720 2565 2804 immatura,

324 2847 514 2910 quam
561 2847 703 2892 cum
747 2827 866 2893 viri
912 2825 1082 2891 docti
1128 2845 1346 2891 omnes
1389 2831 1520 2891 tum
1567 2825 1705 2912 ejus
1762 2826 2056 2912 discipuli
2118 2827 2363 2911 lugent,
2423 2845 2568 2912 pro-

321 2934 597 3019 positum
640 2950 947 3019 peragere
990 2952 1120 2998 11011
1163 2933 1381 3017 potuit.

501 3039 679 3118 Quae
709 3059 851 3104 cum
878 3040 970 3104 ita
999 3045 1229 3122 essent,
1272 3057 1480 3105 novae
1511 3039 1901 3106 collectionis
1935 3036 2347 3123 diplomatum
2377 3038 2567 3105 eden·

321 3145 468 3212 dae·
489 3146 822 3212 consilium
867 3147 1036 3230 cepi,
1099 3145 1168 3210 id
1213 3144 1385 3228 quod
1427 3146 1540 3211 illo
1587 3146 1923 3230 superstite
1966 3145 2178 3211 facere
2222 3165 2564 3229 numquam

319 3264 512 3319 ausus
559 3271 785 3318 essem.
857 3252 979 3330 Qui
1024 3253 1300 3318 libellum
1340 3273 1548 3318 meum
1590 3273 1732 3318 cum
1762 3254 1803 3319 J
1805 3253 2052 3318 affeano
2086 3240 2561 3337 comparaverit,

321 3361 546 3444 quibus
603 3357 790 3426 rebus
850 3359 932 3424 ab
989 3357 1102 3424 illo
1157 3359 1500 3446 discrepet,
1559 3358 1749 3426 facile
1803 3358 2273 3425 animadvertet.
2344 3360 2567 3442 Neque

319 3467 488 3533 enim
519 3467 723 3532 00111111
752 3485 1078 3532 numerum
1109 3467 1466 3532 chartarum
1489 3455 1657 3550 auxi,
1690 3486 1905 3532 verum
1936 3467 2124 3532 etiam
2154 3466 2222 3530 111
2252 3465 2565 3550 eligendis

317 3578 512 3656 atque
553 3579 704 3657 apte
745 3572 1160 3657 disponendis
1217 3573 1572 3638 chartarum
1629 3572 1937 3657 exemplis
1982 3591 2215 3639 novam
2258 3573 2565 3639 rationem

319 3685 572 3745 secutus
609 3694 763 3744 sum.
836 3680 952 3746 Ac'-
966 3681 1234 3763 primum
1265 3679 1518 3762 quidem
1554 3681 1641 3744 59
1675 3679 1926 3744 chartas
1957 3694 2176 3762 regum
2206 3685 2268 3745 et
2295 3680 2564 3764 impera-

317 3794 541 3870 torum,
585 3785 693 3869 qui
723 3785 874 3851 inde
904 3807 944 3851 a
969 3785 1267 3852 Conrado
1285 3788 1336 3851 Ι.
1359 3803 1561 3870 usque
1590 3785 1677 3851 ad
1706 3785 2091 3866 Richardum
2120 3792 2559 3870 regnaverunt,
2598 3846 2604 3853 .

321 3892 441 3958 edo
489 3892 710 3958 ordine
756 3893 1204 3976 chronologico
1251 3899 1520 3977 servato,
1569 3914 1698 3959 non
1745 3913 1981 3973 01111100,
2028 3898 2098 3958 ut
2142 3900 2287 3959 sunt
2309 3876 2561 3960 'Jaffea-

316 4019 456 4082 nae,
484 4020 560 4065 ex
588 3999 1021 4084 autographiS,
1047 3998 1165 4065 sed
1187 4000 1426 4083 aliquot
1449 4001 1635 4066 etiam
1660 4020 1739 4066 ex
1763 3999 2151 4085 apographis
2169 3999 2555 4085 desumptas,
2600 4037 2605 4040 ·

320 4106 546 4190 quibus
590 4108 896 4172 nonnulla
941 4107 1360 4172 cancellariae
1401 4107 1658 4172 italicae
1698 4105 2047 4191 diplomata
2072 4106 2563 4176 intermiscenda
2647 4182 2654 4186 ,

317 4232 462 4279 0000
492 4211 661 4278 duxi.
711 4214 1068 4296 Sequuntur
1094 4220 1222 4279 tres
1255 4212 1667 4298 diplomatum
1698 4213 1915 4296 series,
1947 4214 2218 4298 primum
2248 4216 2561 4300 episcopia

317 4317 979 4403 wirzeburgensibuS‚
1029 4305 1262 4386 deinde
1307 4319 1635 4385 abbatibus
1680 4319 2149 4404 Sanblasianis‚
2196 4327 2425 4406 postea
2468 4323 2559 4388 ci-

316 4425 496 4490 vibus
539 4426 1105 4494 Wormatiensibus
1152 4447 1496 4494 concessae
1541 4426 1849 4493 chartae.-
1894 4426 2069 4506 Quas
2114 4427 2220 4511 qui
2275 4428 2438 4494 inter
2488 4447 2561 4494 se
