3209 5434
319 548 531 625 struffl‘
558 531 576 575 ⁵
605 522 641 555 ⁵

2568 20 2843 60 >‘-*=-·-=··5-
2916 22 2919 24 ,

1879 496 1962 561 78

796 654 881 721 de
922 653 1305 740 oppinheim
1344 662 1425 725 ,et
1468 651 1740 721 sifridus
1799 651 1882 720 de
1923 654 2124 721 Lutra
2181 652 2428 719 sculteti
2441 702 2460 735 ,
2522 650 2910 717 Rindismula
2950 654 3016 712 et>

798 762 1199 847 quamplures
1246 760 1373 826 alii.

974 894 1210 959 Datum
1253 893 1614 959 wormacie
1657 892 1790 959 IIII
1835 892 2054 959 Nonas
2100 892 2292 976 Jnnii,
2341 890 2711 960 indictionis
2759 889 2894 954 1111.

892 1068 959 1117 Ex
991 1069 1270 1131 autographo
1310 1070 1358 1117 in
1399 1068 1625 1117 tabulario
1659 1070 1858 1116 civitati·
1887 1069 2238 1117 Wormatiensis
2269 1071 2518 1117 neomuto.
2573 1067 2788 1126 Sigillum
2825 1065 2991 1111 avulsum.

984 1148 1239 1195 Ediderunt
1277 1148 1433 1206 Perta,
1474 1146 1597 1195 Mon.
1633 1148 1782 1195 Germ.
1811 1148 1921 1195 hist.
1950 1146 2086 1207 Legg.
2117 1148 2173 1205 11,
2197 1150 2302 1196 284.
2359 1148 2549 1205 Mor-iu,
2589 1144 2902 1193 Reichsstadte
2923 1142 2993 1187 160.

985 1224 1610 1291 Quint.
1632 1227 1746 1287 dipl.
1763 1227 1984 1275 ruderici
2006 1228 2062 1285 11,
2083 1228 2161 1285 111,
2177 1230 2286 1277 465.
2325 1248 2373 1261 -
2405 1227 2618 1281 umor,
2640 1226 2758 1284 seg.
2778 1220 2992 1272 samm

986 1306 1073 1354 No.
1100 1308 1206 1353 241.

3049 1500 3052 1577 1

806 1644 930 1715 56.
1012 1637 1427 1713 Fridericus
1462 1635 1547 1735 11,
1587 1636 2238 1715 Wormatiensibus
2273 1636 2646 1737 promittit,
2689 1636 2756 1711 si
2791 1655 2996 1734 pacem
3050 1578 3051 1597 ἶ

1017 1786 1182 1837 cum
1238 1761 1548 1837 ecclesia
1600 1761 1910 1838 Romani
1976 1762 2226 1855 faciet,
2295 1785 2420 1838 eos
2492 1766 2832 1861 expertes
2885 1761 2994 1853 ejus
3051 1807 3053 1867 4

1020 1908 1181 1961 esse
1234 1909 1315 1960 se
1368 1909 1520 1962 non
1572 1910 1975 1985 passurum.
2069 1890 2298 1979 1243,
2351 1888 2537 1981 Aug.
2594 1884 2872 1961 Ariani.
3052 1872 3053 1885 Ν

982 2053 1343 2121 Fridericus
1409 2054 1533 2121 Dei
1613 2056 1820 2139 gratia
1886 2056 2312 2123 Romanorum
2389 2055 2732 2140 imperator
2801 2068 2998 2133 semper

804 2169 1139 2247 augustus,
1200 2162 1554 2229 Jerusalem
1614 2169 1677 2228 et
1721 2162 1936 2228 Sicilie
1991 2184 2124 2230 rex„
2205 2165 2455 2230 Tenore
2497 2160 2884 2246 presentium
2925 2174 2999 2220 no·

804 2276 937 2335 tum
980 2268 1117 2335 fieri
1163 2269 1450 2334 volumus
1497 2268 1828 2353 universis,
1880 2270 2051 2355 quod
2095 2289 2214 2336 nos
2259 2268 2651 2335 attendentes
2695 2268 3000 2332 inmensam

804 2374 995 2441 fidem
1042 2380 1103 2440 et
1148 2374 1377 2439 devota
1422 2375 1693 2440 servicia
1738 2375 1950 2442 dilecti
1995 2376 2301 2461 principis
2332 2375 2531 2441 nostri
2559 2374 2631 2439 L.
2664 2367 2998 2439 venerabilis
3055 2416 3058 2513 Ι

805 2480 1287 2549 Wormatiensis
1344 2480 1660 2565 episcopi,
1732 2485 1934 2551 tocius
1999 2484 2154 2550 cleri
2211 2489 2276 2547 et
2329 2481 2540 2547 devoti
2592 2480 2818 2565 populi
2867 2476 3020 2541 wor-.‹
3056 2514 3057 2567 l

698 2588 707 2601 “
804 2587 1015 2670 matie,
1063 2593 1418 2653 nostrorum
1462 2586 1742 2654 fidelium
1787 2596 2142 2655 nostrorum
2157 2585 2224 2673 ¹),
2271 2589 2688 2674 promittimus
2701 2638 2720 2671 ‚
2781 2581 2932 2670 quod
2965 2578 3001 2642 si
3055 2574 3057 2605 ³

809 2694 1142 2777 contigerit
1206 2712 1327 2759 nos
1394 2714 1539 2759 cum
1598 2696 1874 2761 ecclesia
1925 2697 2218 2761 Romana
2281 2696 2807 2781 compositionem
2867 2688 3000 2765 inire,
3057 2723 3059 2837 4

806 2799 1161 2885 predictum
1204 2800 1555 2886 principem
1599 2809 1884 2867 nostrum
1917 2804 2443 2870 wormatiensem
2489 2804 2874 2887 episcopum,
2916 2795 3001 2860 cle·
3057 2838 3059 2883 f

808 2926 946 2971 rum
1000 2913 1063 2971 et
1104 2907 1629 2973 Wormatiensem
1684 2912 1986 2994 populum
1999 2960 2016 2993 ‚
2077 2910 2300 2977 fideles
2355 2917 2602 2976 nostros
2615 2958 2632 2993 ‚
2697 2911 2783 2976 ab
2829 2902 3004 2973 eadem

810 3013 1267 3097 compositione
1308 3014 1664 3080 nullatenus
1710 3016 2022 3100 patiemur
2067 3017 2337 3101 excludi,
2385 3024 2470 3100 ut,
2520 3017 2683 3083 sicut
2723 3014 3024 3080 nobiseum*

807 3126 957 3186 sunt
1000 3120 1079 3185 ob
1125 3122 1541 3187 reverentiam
1586 3128 1651 3186 et
1694 3122 1998 3189 honorem
2043 3130 2244 3189 status
2301 3124 2502 3189 nostri
2555 3124 2623 3188 in
2667 3119 3004 3188 adversitate

806 3226 1151 3312 participes
1164 3276 1181 3309 ‚
1244 3227 1339 3291 sic
1392 3228 1850 3313 compositione
1907 3230 2375 3313 tranquillitatis
2432 3250 2576 3295 esse
2621 3228 2856 3295 debent
2864 3220 2910 3309 ²)
2943 3223 3004 3285 ist

810 3338 1123 3416 expertes.
1193 3332 1299 3396 Ad
1344 3333 1522 3418 cujus
1569 3334 1664 3400 rei
1705 3337 2074 3401 memoriam
2119 3343 2182 3401 et
2227 3308 2902 3419 cautelam¹'''presentes
2940 3328 3004 3392 lit-

810 3443 981 3503 teras
1028 3440 1342 3505 conscribi
1388 3447 1451 3505 et
1494 3441 1785 3507 culminis
1815 3442 2020 3525 nostri,
2063 3443 2274 3527 sigillo
2309 3443 2616 3529 jussimus
2659 3432 3002 3507 communiri.

988 3572 1225 3639 Datum
1269 3572 1518 3657 Ariani,
1568 3594 1735 3640 anno
1783 3574 2098 3642 dominice
2139 3575 2594 3642 incarnationis
2638 3564 3003 3645 MGOXLIIL
3018 3583 3031 3611 ³

810 3699 1030 3746 mense
1074 3678 1362 3763 Augusti,
1411 3680 1612 3765 prime
1655 3681 2037 3748 indictionis.

906 3853 975 3901 Ex
1015 3854 1295 3915 autographo
1334 3856 1383 3901 in
1421 3855 1644 3902 tabulario
1686 3857 1886 3903 civitatis
1925 3858 2274 3905 wormatiensis
2321 3859 2572 3905 asservato.
2638 3856 2778 3903 Edid-
2825 3870 2908 3904 non
2941 3850 3009 3897 sine

999 3934 1177 3981 mendis
1216 3933 1722 3992 Humani-Breholles,
1763 3935 1884 3983 nist.
1907 3935 2019 3996 dipl.
2043 3934 2217 3983 Frider.
2243 3936 2298 3995 11,
2322 3936 2399 3994 VI,
2428 3938 2532 3985 106.
2583 3960 2630 3969 -
2678 3936 2896 3991 Βδῑιωοῐ,
2931 3929 3009 3983 Ress·

997 4012 1171 4060 Frider.
1196 4014 1251 4069 11,
1283 4014 1369 4060 No.
1397 4015 1533 4061 1051.

996 4214 1041 4280 ι)
1076 4212 1159 4267 ῦὶθ
1190 4212 1249 4267 in
1285 4219 1500 4283 autogr.
1641 4214 1689 4281 ²)
1723 4216 1820 4270 sic.
1855 4216 1890 4270 1.
1927 4214 2183 4273 debeant.
2255 4200 2298 4291 2
2400 4224 2411 4255 ³
2451 4224 2542 4259 12⁵2c
2572 4178 2905 4287 ·²''1¹J⁶L‘2·‘2‘
2941 4218 2950 4229 ‘
