3209 5434
1411 539 1486 586 IX

327 728 418 784 52.
472 726 755 798 Philippus
791 727 1124 785 monasterio
1163 727 1484 799 Salemensi‚
1522 727 1726 784 abbate
1762 726 2107 798 Eberhardo,
2142 727 2427 798 praedium

469 818 701 884 Ri'mstal
748 831 992 896 emptum
1035 843 1070 880 a
1105 819 1358 882 Conrado
1395 827 1668 883 advocato
1712 827 1781 882 de
1819 825 2192 888 Swarcinberc
2237 824 2428 882 confir-

471 927 602 982 mat.
665 924 821 993 1208,
857 922 1019 978 Febr.
1045 925 1096 978 6.
1151 924 1257 995 Ap.
1297 924 1661 994 Argentinam
1708 963 2426 978 .........

328 1020 418 1076 53.
472 1019 602 1076 Otto
638 1020 734 1076 IV.
775 1020 1051 1075 ministros
1088 1023 1354 1077 ecclesiae
1391 1023 1668 1092 Aquensis
1704 1022 1854 1078 omni
1889 1021 2175 1077 exactione
2210 1020 2430 1092 publica

474 1117 682 1172 eximit.
737 1113 868 1172 Sine
905 1118 994 1173 die
1031 1121 1089 1172 et
1123 1101 1309 1173 locos
1355 1159 1366 1172 .
1444 1161 1455 1171 .
1531 1137 1576 1172 .’
1620 1156 2429 1172 ..........

329 1215 418 1271 54.
475 1215 764 1270 Heinricus
795 1215 963 1282 (Vll.)
1000 1214 1184 1271 Ottoni
1223 1214 1464 1284 palatino
1501 1217 1685 1271 comiti
1722 1216 1905 1271 villam
1934 1213 2213 1272 waltdorf
2242 1214 2430 1270 donat.

475 1313 630 1382 1230,
667 1312 799 1368 Jun.
827 1313 912 1367 17.
967 1312 1136 1382 Apud·
1171 1313 1373 1382 Egram
1438 1352 2428 1368 ............

329 1409 420 1465 55.
472 1410 762 1465 Heinricus
800 1410 967 1476 (VII.)
1004 1425 1100 1464 rex
1135 1411 1449 1480 promulgat
1485 1410 1812 1469 sententiam
1852 1402 1922 1466 ab
1961 1409 2162 1465 abbate
2198 1408 2256 1465 S.
2288 1408 2431 1465 Galli

472 1508 672 1563 dictam
721 1507 791 1562 de
835 1507 996 1562 bonis
1043 1512 1102 1563 et
1146 1507 1452 1564 hereditate
1497 1524 1683 1564 eorum
1700 1549 1714 1576 ,
1770 1508 1862 1578 qui
1911 1511 2135 1578 propter
2180 1507 2432 1563 haeresin

474 1605 669 1676 capitis
706 1605 1053 1661 condemnati
1090 1611 1294 1662 essent.
1351 1607 1508 1676 1231,
1544 1607 1675 1662 Jun.
1701 1609 1752 1662 2.
1802 1606 2112 1663 w0rmacie
2152 1647 2163 1658 .
2239 1646 2251 1657 .

328 1703 420 1759 56.
472 1703 782 1759 Fridericus
808 1704 877 1758 11.
899 1703 1392 1760 wormatiensibus
1416 1704 1703 1774 promittit,
1740 1705 1788 1760 si
1809 1720 2001 1775 pacem
2039 1720 2163 1758 cum
2200 1703 2434 1759 ecclesia

473 1795 704 1856 Romani
740 1800 924 1872 faciet,
963 1816 1058 1856 eos
1096 1807 1352 1872 expertes
1389 1804 1508 1874 ejus
1535 1817 1659 1858 esse
1696 1818 1757 1858 se
1781 1817 1892 1858 non
1915 1818 2225 1873 passurum.
2274 1802 2431 1872 1243,

473 1897 621 1968 Aug.
647 1898 839 1953 Ariani
911 1938 2429 1955 ..................

330 1993 422 2050 57.
468 1995 781 2050 Fridericus
835 1997 906 2052 11.
966 1997 1117 2052 cives
1170 1996 1602 2061 wormatienses
1664 1998 1921 2053 theloneo
1976 1995 2433 2067 Oppenheimensi

473 2094 678 2148 eximit.
737 2093 893 2161 1243,
931 2093 1077 2161 Aug.
1104 2093 1296 2148 Ariani
1351 2134 1983 2148 ........
1986 2081 1990 2084 γ
2060 2133 2426 2147 .....

329 2190 416 2245 58.
475 2190 797 2246 wilhelmus
833 2206 932 2244 rex
968 2190 1181 2246 civibus
1210 2191 1705 2248 wormatiensibus
1742 2208 1931 2247 omnes
1967 2191 2248 2247 libertates
2275 2191 2429 2262 jura-

474 2302 580 2356 que
617 2288 802 2343 omnia
837 2287 1141 2343 confirmat.
1197 2291 1353 2359 1269,
1390 2289 1517 2346 Jan.
1545 2291 1633 2344 10.
1678 2289 1880 2345 werde
1972 2327 2429 2342 ......

331 2384 420 2440 59.
474 2385 779 2441 Richardus
815 2401 912 2440 rex
949 2389 1212 2455 testatur,
1252 2403 1312 2442 se
1358 2392 1650 2456 praesente
1697 2387 1752 2441 in
1798 2387 2039 2456 generali
2086 2386 2239 2441 curia
2272 2385 2430 2442 wor-

474 2483 756 2552 matiensi,
812 2486 1064 2539 consules
1110 2485 1539 2540 wormatienses
1591 2485 1909 2556 promisisse
1964 2499 2024 2539 se
2069 2484 2430 2553 exactionem,

475 2595 617 2650 quae
641 2580 840 2635 dicitur
859 2581 1077 2652 Ungelt,
1102 2597 1211 2637 non
1238 2583 1472 2652 amplius
1495 2586 1813 2652 recepturos
1838 2597 1976 2638 csse.
2014 2583 2168 2652 1269,
2188 2581 2321 2651 Apr.
2341 2581 2431 2635 20.

476 2677 779 2734 w0rmatie
823 2717 2429 2732 ...................

331 2776 418 2832 60.
473 2774 761 2832 Conradus
794 2777 834 2830 I.
873 2776 1138 2831 ecclesiae
1163 2775 1593 2847 wirzburgensi,
1630 2778 1891 2847 episcopo
1914 2776 2200 2832 Thiodone
2236 2777 2430 2831 immu-

384 2856 390 2862 ’
476 2873 700 2928 nitatem
739 2873 1042 2930 confirmat.
1097 2877 1219 2942 918,
1254 2875 1367 2931 Jul.
1391 2876 1445 2931 4.
1492 2874 1801 2932 wirciburc
1886 2911 2429 2927 .......

331 2972 422 3027 61.
473 2972 764 3026 Heinricus
799 2973 840 3027 I.
891 2987 990 3027 rex
1035 2973 1303 3028 ecclesiae
1340 2971 1798 3043 wirciburgensi,
1844 2972 2105 3042 episcopo
2140 2971 2428 3040 Thiotone‚

473 3068 742 3123 decimam
778 3069 984 3137 tributi,
1023 3085 1164 3140 quae
1200 3071 1270 3125 de
1306 3069 1554 3141 partibus
1589 3071 1933 3126 orientalium
1971 3071 2303 3125 Francorum
2339 3069 2428 3123 vel

472 3165 544 3220 de
594 3165 806 3220 Sclavis
854 3166 925 3220 ad
973 3165 1164 3222 fiscum
1214 3167 1547 3223 dominicum
1596 3170 1877 3224 annuatim
1913 3167 2152 3238 persolvi
2200 3164 2429 3234 solebat,

474 3263 662 3318 donat.
722 3264 844 3333 923,
884 3263 1038 3333 April
1074 3265 1126 3320 8.
1181 3265 1625 3335 Quitilingoburg
1706 3301 2425 3318 .........

331 3361 418 3415 62.
474 3361 765 3416 Heinricus
825 3360 870 3416 Ι.
939 3363 1203 3417 ecclesiae
1261 3362 1721 3434 wirciburgensi,
1792 3364 2052 3434 episcopo
2122 3360 2426 3430 Thiodone,

473 3459 820 3528 privilegium
883 3459 1242 3514 immunitatis
1305 3459 1608 3516 confirmat.
1682 3462 1816 3531 923,
1877 3460 2013 3532 Apr.
2057 3461 2106 3515 8.
2182 3458 2428 3525 Quitilin-

473 3556 688 3626 geburg
735 3594 2426 3611 ....................

329 3655 419 3710 63.
475 3654 604 3710 Otto
645 3655 686 3708 1.
736 3655 1032 3725 imperator
1074 3655 1340 3711 ecclesiae
1384 3654 1815 3724 wirciburgensi
1858 3654 2118 3724 episcopo
2163 3652 2429 3709 Bobbone

472 3751 873 3807 immunitatem
921 3751 1224 3808 confirmat.
1280 3754 1509 3819 (Datum
1555 3753 1699 3808 inter
1742 3753 1874 3821 962,
1918 3751 2081 3806 Febr.
2119 3753 2153 3806 2
2200 3757 2259 3807 et
2302 3752 2427 3821 966,

473 3851 623 3918 Aug.
649 3851 766 3916 27.)
820 3888 2425 3903 ...................

329 3947 420 4004 64.
475 3945 604 4002 Otto
639 3947 733 4002 111.
787 3946 1052 4002 ecclesiae
1088 3947 1546 4017 wirciburgensi,
1595 3948 1855 4018 episcopo
1892 3946 2286 4016 Berenwardo‚
2333 3946 2426 4000 de·

473 4045 669 4100 cimam
717 4044 906 4099 tributi
952 4059 1095 4113 quae
1140 4044 1210 4100 de
1257 4045 1508 4116 partibus
1555 4046 1898 4101 orientalium
1943 4046 2277 4099 Francorum
2334 4043 2425 4098 vel

473 4142 542 4198 de
595 4141 808 4198 Sclavis
862 4142 1002 4197 solvi
1054 4142 1270 4198 solebat
1332 4148 1389 4198 et
1453 4144 1853 4199 immunitatem
1907 4141 2211 4198 confirmat.
2300 4141 2424 4212 992,

471 4240 604 4295 Dec.
632 4241 718 4295 31.
777 4239 964 4295 Palide
995 4278 2420 4294 .................

329 4339 415 4395 65.
472 4337 601 4395 Otto
637 4339 735 4393 111.
763 4338 1058 4408 imperator
1094 4338 1360 4394 ecclesiae
1383 4338 1831 4410 wirciburgensi,
1868 4338 2127 4408 episeopo
2150 4337 2423 4409 Heinrico,

467 4436 868 4493 immunitatem
905 4434 1207 4493 confirmat.
1264 4436 1389 4506 996,
1427 4436 1581 4506 Sept.
1605 4437 1691 4494 15.
1748 4435 2105 4504 Ingilenheim
2145 4473 2157 4488 .
2234 4475 2246 4486 .
2321 4475 2332 4485 .

2459 651 2570 710 Peg.

2500 922 2572 978 74

2501 1117 2571 1172 76

2502 1312 2572 1367 76

2417 1605 2572 1660 ,77

2505 1899 2574 1955 78

2502 2093 2571 2149 79

2503 2287 2572 2343 79

2501 2676 2575 2732 80

2500 2871 2569 2928 81

2499 3261 2571 3317 83

2498 3555 2570 3612 85

2497 3847 2568 3902 86

2494 4238 2568 4294 88

2408 4435 2568 4490 ,90
