3209 5434
1738 526 1865 593 148

675 686 794 751 bus
841 684 1235 769 appendiciis
1295 685 1458 766 suis,
1519 683 1815 751 videlicet
1872 684 2177 749 ecelesias
2238 682 2426 767 duas,
2488 702 2750 766 quarum
2793 701 2912 745 una

677 799 776 857 est
835 798 1036 856 mater
1091 790 1364 857 ecelesia
1419 791 1482 855 in
1540 790 1780 855 honore
1838 791 2005 856 beati
2049 790 2319 873 Remigii
2376 796 2439 855 et
2492 790 2619 855 alia
2676 788 2912 873 capella

678 899 744 963 in
787 898 1028 963 honore
1075 898 1278 963 sancti
1311 897 1629 980 Germani,
1678 902 1741 961 et
1786 916 2035 963 omnem
2064 896 2365 962 vicariam
2406 897 2472 961 in
2502 916 2580 961 ea
2609 901 2911 979 potestate

676 1004 1051 1087 habendam,
1102 1002 1426 1087 praedicto
1475 1003 1689 1073 abbati
1734 1004 1837 1068 vel
1880 1004 2173 1069 fratribus
2226 1002 2476 1069 tradere
2520 1009 2711 1086 atque
2756 1001 2911 1067 dele-

676 1132 847 1194 gare.
921 1110 1107 1176 Unde
1161 1110 1350 1175 etiam
1408 1110 1529 1174 hoc
1583 1107 1976 1175 celsitudinis
2034 1118 2291 1178 nostrae
2334 1116 2744 1194 praeceptum
2786 1106 2912 1173 fieri

676 1217 1127 1301 praedictoque
1157 1216 1373 1281 abbati
1403 1218 1502 1281 vel
1536 1217 2014 1299 congregationi
2061 1217 2198 1283 dari
2233 1217 2561 1302 jussimus,
2608 1237 2726 1300 per
2754 1213 2913 1298 quod

675 1330 1054 1389 memoratas
1101 1343 1203 1391 res
1259 1343 1477 1389 omnes
1491 1372 1508 1405 ‚
1575 1323 1661 1388 ad
1716 1322 2064 1407 supradicti
2117 1324 2482 1390 monasterii
2537 1323 2913 1405 fratrumque

678 1430 1028 1495 subsidium
1092 1428 1265 1514 juste
1334 1430 1746 1513 legaliterque
1814 1430 2199 1513 pertinentes
2268 1452 2409 1496 cum
2474 1430 2650 1495 omni
2717 1449 2913 1494 rerum

679 1557 924 1602 summa
954 1537 1308 1619 integritate
1339 1536 1645 1601 tradimus
1685 1556 1762 1601 ac
1792 1536 2178 1620 delegamuS‚
2227 1544 2295 1601 ut
2326 1536 2671 1603 secundum
2716 1556 2914 1601 rerum

678 1644 1159 1727 dispositionem
1213 1663 1775 1725 successorumque
1832 1662 2087 1709 suorum
2141 1643 2747 1711 administrationem
2807 1663 2915 1727 per

675 1750 882 1818 futura
925 1757 1214 1833 tempora
1259 1750 1625 1815 ordinentur
1682 1749 1899 1832 eisque
1954 1770 2069 1834 pro
2116 1770 2233 1815 sua
2278 1750 2699 1835 oportunitate
2745 1756 2912 1813 utan-

677 1864 800 1943 tur!
824 1864 885 1921 et
888 1907 922 1943 e
975 1863 1258 1925 nostrum
1303 1857 1667 1922 memoriale
1714 1844 2125 1940 conjugisque
2182 1878 2361 1923 meae
2407 1877 2519 1922 seu
2563 1857 2681 1921 filii
2724 1856 2913 1921 nostri

677 1964 959 2029 Rotberti
1007 1964 1177 2046 regis
1226 1983 1303 2027 ac
1351 1963 1664 2028 consortis
1710 1963 1887 2046 regni
1916 1964 2117 2029 nostri
2147 1964 2545 2044 aeternaliter
2575 1961 2909 2045 fundende,

676 2091 792 2154 pro
838 2070 1020 2135 nobis
1077 2090 1299 2153 preces
1357 2070 1510 2134 inibi
1566 2069 1917 2134 habeantur
1932 2065 2000 2153 ι).
2078 2072 2159 2135 Et
2204 2076 2273 2136 ut
2326 2070 2488 2136 haec
2533 2070 2914 2136 auctoritatis

676 2183 931 2243 nostrae
975 2176 1224 2258 largitio
1272 2176 1503 2242 nostris
1548 2176 1896 2262 futurisque
1940 2178 2325 2261 temporibus
2366 2178 2729 2261 diligentius
2775 2196 2914 2241 con·

677 2288 958 2347 servetur
1004 2289 1192 2365 atque
1237 2284 1316 2348 ab
1365 2283 1522 2367 ipsis
1567 2283 1863 2351 fratribus
1910 2284 2193 2349 securius
2239 2284 2672 2368 possideatur,
2731 2302 2917 2348 manu

675 2389 936 2472 propria
994 2390 1205 2453 subter
1265 2410 1407 2455 eam
1462 2389 1849 2455 firmavimus
1905 2392 2200 2474 anulique
2255 2389 2455 2456 nostri
2506 2390 2916 2476 impressione

676 2495 967 2579 insigniri
1001 2494 1328 2579 jussimus.

999 2619 1262 2702 Signum
1305 2620 1596 2703 Hugonis
1642 2622 2084 2703 gloriosissimi
2130 2622 2317 2705 regis.

999 2725 1406 2808 Ragenaldus
1453 2728 1869 2793 cancellarius
1916 2728 2187 2811 scripsit.

541 2814 550 2823 ι
675 2850 848 2915 Data
875 2850 1008 2914 XII
1053 2849 1366 2914 kalendas
1397 2850 1567 2933 Julii,
1619 2850 1972 2917 Indictione
2001 2852 2085 2933 Π,
2136 2872 2306 2918 anno
2344 2853 2410 2917 Π
2454 2858 2757 2935 regnante
2791 2852 2914 2916 Hu·
3009 2852 3023 2863 ‘

678 2976 844 3039 gone
889 2976 1056 3039 rege.
1129 2958 1294 3021 Acta
1337 2956 1589 3040 publice
1633 2958 1917 3023 Parisius
1963 2958 2133 3023 urbe.

833 3122 899 3201 {x
929 3121 1148 3172 mabillon
1179 3122 1316 3199 ⁶⁰.¹⁰
1349 3123 1462 3183 dipl.
1483 3123 1588 3171 576.

685 3454 808 3527 94.
891 3406 1304 3527 Ludovicus
1343 3450 1654 3527 Grossus
1690 3475 1822 3528 rex
1846 3452 2487 3551 Francogallorum
2510 3453 2916 3531 hominibus

893 3574 984 3650 de
1041 3574 1490 3674 Compendio
1557 3578 1913 3677 promittit
1980 3600 2061 3654 se
2113 3602 2507 3678 numquam
2556 3584 2915 3655 monetam

891 3698 997 3774 ibi
1047 3700 1402 3775 facturum
1457 3723 1641 3777 esse.
1730 3708 1957 3779 1120.
2042 3702 2383 3779 ParisiuS.

862 3878 939 3941 In
984 3876 1236 3941 nomine
1282 3884 1542 3943 sanctae
1592 3880 1905 3945 trinitatis.
1976 3881 2117 3964 Ego
2161 3881 2521 3947 Ludovieus
2554 3880 2676 3947 Dei
2720 3879 2917 3974 gratia

681 4004 795 4048 rex
839 3984 1244 4049 Francorum.
1317 3984 1549 4049 Notum
1601 3986 1741 4051 fieri
1797 3989 1941 4052 volo
1999 3988 2242 4053 cunctis
2298 3987 2591 4055 fidelibus
2649 3994 2776 4053 tam
2830 3986 2917 4051 fu-

678 4089 834 4153 turis
881 4110 1070 4172 quam
1116 4096 1177 4155 et
1220 4092 1598 4161 instantibus
1614 4142 1632 4175 ,
1694 4091 1864 4174 quod
1907 4114 2025 4159 nos
2040 4144 2057 4177 ‚
2121 4094 2229 4177 qui
2275 4101 2495 4160 contra
2538 4094 2917 4161 voluntatem

679 4192 1001 4259 hominum
1058 4195 1138 4261 de
1183 4196 1574 4282 Compendio
1632 4199 1720 4263 ibi
1777 4206 2094 4265 monetam
2146 4200 2284 4267 fleri
2338 4201 2734 4283 volebamus,
2791 4205 2917 4265 tum

859 4418 900 4482 ι)
939 4416 1204 4473 habeatur
1239 4420 1310 4473 M.
