3209 5434
1389 552 1516 619 179

328 718 537 779 autem
582 711 945 779 cancellarii
989 712 1243 801 nomine
1272 711 1498 778 Italica
1525 711 2139 795 recognoscebantur
2166 702 2271 793 (cf.
2306 706 2576 773 Kanzlei

327 821 525 886 Konr.
561 821 642 885 H.
680 820 720 897 ἓ
751 816 842 904 5),
895 819 1010 886 sed
1045 820 1184 905 jam
1227 838 1354 884 uno
1403 824 1590 902 atque
1623 818 1847 885 eodem
1875 825 2158 902 tempore
2190 817 2377 881 simul
2408 835 2575 881 com·
2612 890 2615 893 Δ

329 929 542 1012 plures
590 926 865 1011 scribae,
924 927 1031 1010 qui
1074 926 1264 992 modo
1310 928 1619 1011 notarios,
1667 925 1858 991 modo
1904 924 2335 1006 cancellariOS,
2384 920 2574 987 modo

328 1034 863 1101 subcancellarios
930 1054 1002 1099 se
1060 1040 1291 1099 vocant
1305 1084 1322 1116 ,
1396 1035 1651 1099 chartas
1717 1032 2224 1112 subscribebant,
2292 1029 2576 1112 nihilque

327 1142 655 1225 intererat,
716 1148 920 1207 utrum
967 1142 1032 1217 in
1078 1123 1266 1206 Italia
1311 1162 1394 1205 an
1420 1142 1506 1206 'in
1555 1137 1937 1222 Germania,
1964 1146 2170 1204 utrum
2215 1132 2574 1201 hominibus

329 1250 692 1331 Germanis,
765 1270 848 1314 an
908 1248 1087 1313 Italis
1151 1247 1663 1340 concederentur.
1749 1245 2019 1312 Omnino
2081 1245 2353 1327 denique
2408 1243 2576 1308 aliae

327 1362 475 1422 sunt
518 1355 820 1421 Lothario
866 1376 1017 1439 rege
1061 1355 1384 1437 formulae,
1445 1354 1669 1437 quibus
1716 1354 1945 1418 notarii
1990 1354 2057 1418 in
2105 1349 2574 1417 subscribendis

327 1463 562 1529 chartis
625 1446 961 1527 'utebantur
1013 1463 1225 1545 itaque
1283 1460 1418 1526 veri
1477 1459 1786 1525 dissimile
1842 1480 1971 1525 non
2033 1464 2129 1525 est
2183 1458 2569 1540 Lotharium,

329 1591 489 1654 quos
534 1570 812 1635 notarios
861 1568 989 1633 dux
1021 1568 1341 1634 Saxoniae
1386 1567 1709 1650 habuerat,
1760 1587 1975 1649 regem
2020 1564 2279 1631 eosdem
2323 1566 2391 1629 in
2427 1584 2573 1629 can·

329 1678 587 1743 cellaria
630 1676 990 1759 retinuisse,
1050 1675 1423 1759 praesertim
1470 1695 1613 1739 cum
1657 1693 1841 1741 nemo
1900 1694 1981 1739 ex
2038 1674 2158 1756 eiS,
2219 1672 2326 1755 qui
2382 1672 2575 1737 Hein-

325 1786 443 1851 rici
473 1786 548 1851 V.
584 1785 834 1849 chartas
893 1782 1423 1866 subscripserant,
1485 1782 1552 1846 in
1598 1780 1881 1846 Lotharii
1931 1780 2313 1869 cancellaria
2358 1799 2573 1844 occur-

325 1897 442 1958 rat.
493 1926 581 1935 -
625 1892 856 1957 Nostro
901 1888 1244 1975 diplomate
1290 1887 1582 1953 monachi
1630 1887 2215 1971 Richenbergenses
2261 1886 2361 1951 usi
2408 1891 2571 1969 sunt,

327 2018 452 2082 quo
521 1997 694 2063 aliud
755 1997 1040 2082 ejusdem
1098 1997 1267 2079 regis
1330 1996 1583 2060 nomine
1643 1993 2063 2059 adulterinum
2120 1997 2572 2085 componerent

325 2100 613 2189 (Stumpf
649 2098 881 2187 3256),
941 2104 1119 2189 eujus
1179 2102 1568 2186 exemplaria
1620 2102 1743 2165 tria
1785 2102 1947 2166 inter
1993 2121 2063 2165 se
2110 2099 2364 2165 diversa
2410 2100 2575 2164 sicut

325 2214 668 2296 genuinum
743 2217 1026 2276 nostrum
1091 2211 1159 2275 in
1222 2208 1604 2275 bibliotheca
1675 2207 2075 2291 Gottingensi
2144 2212 2569 2272 asservantur.

326 2320 604 2386 Nomina
649 2319 818 2385 enim
861 2318 1130 2409 testium,
1180 2336 1344 2399 quae
1387 2315 1476 2383 ibi
1521 2314 1938 2397 inveniuntur,
1989 2335 2069 2379 ex
2104 2318 2323 2379 nostra
2354 2312 2576 2379 charta

326 2426 743 2510 transscripta
787 2429 951 2490 sunt.
2544 2431 2556 2439 ‘

507 2640 622 2705 Nc.
657 2639 764 2703 43.
847 2639 985 2703 Rex
1041 2637 1108 2701 in
1164 2656 1404 2719 arenga
1459 2654 1531 2701 se
1594 2635 1840 2720 „locum
1884 2639 2099 2699 tenere
2144 2630 2415 2697 Romani
2459 2630 2575 2696 im·

326 2738 524 2831 perii“
576 2745 916 2830 profitetur,
969 2763 1350 2828 quamquam
1395 2762 1519 2825 quo
1565 2748 1851 2827 tempore
1894 2740 2176 2825 diploma
2207 2738 2422 2803 datum
2451 2742 2567 2821 est,

325 2852 668 2937 imperator
711 2851 992 2917 nondum
1038 2856 1173 2916 erat
1219 2856 1575 2921 coronatus.
1626 2886 1717 2894 —
1763 2848 2243 2916 Observandum
2279 2853 2391 2930 est,
2442 2865 2573 2910 mo-

324 2980 697 3043 nogramma
741 2959 1041 3043 scriptum
1088 2977 1230 3023 esse
1274 2977 1462 3022 versu
1516 2958 1803 3043 „signum
1837 2954 2051 3020 domni
2086 2956 2157 3019 L.
2192 2955 2360 3037 regis
2407 2945 2567 3018 ete.“

327 3066 582 3150 omiSSO,
633 3066 700 3131 id
746 3065 918 3150 quod
964 3066 1154 3130 etiam
1199 3065 1264 3129 in
1311 3065 1453 3129 aliis
1501 3064 1786 3149 ejusdem
1832 3062 2000 3145 regis
2048 3061 2283 3126 chartis
2330 3058 2568 3125 inveni-

325 3179 440 3238 tur.
525 3174 825 3239 Similiter
881 3174 948 3238 in
1005 3172 1274 3237 formula
1332 3170 1860 3237 corroborationis
1921 3154 2114 3251 sigilli
2165 3168 2397 3233 mentio
2444 3187 2574 3231 non

324 3281 424 3345 fit:
474 3286 686 3345 tamen
731 3280 938 3364 ipsum
986 3280 1263 3363 sigillum
1305 3299 1436 3343 non
1483 3277 1879 3344 desideratur
1924 3271 2030 3359 (cf.
2068 3275 2355 3339 similiter
2386 3274 2573 3338 omis-

325 3408 466 3453 sam
518 3387 900 3451 mentionem
955 3385 1150 3468 sigilli
1205 3384 1271 3449 in
1327 3385 1548 3451 charta
1605 3382 1863 3467 Stumpf
1911 3377 2146 3466 3264),
2223 3376 2571 3463 recognitio

326 3493 597 3576 denique
665 3494 1028 3559 cancellarii
1093 3492 1316 3559 litteris
1387 3492 1746 3575 oblongatis
1809 3491 2048 3575 scripta
2108 3509 2236 3554 non
2292 3494 2413 3570 est,
2490 3486 2568 3552 cf.

326 3598 583 3684 Stumpf
627 3601 820 3666 3226.
858 3602 1052 3666 3264.
1122 3602 1319 3664 Porro
1352 3596 1541 3664 etiam
1571 3619 1793 3687 versus
1841 3604 2128 3663 notarum
2176 3591 2572 3675 chronologi-

326 3728 543 3773 carum
587 3708 668 3772 ab
714 3728 832 3773 usu
869 3727 1036 3773 saec.
1070 3707 1168 3771 XI
1200 3726 1458 3790 prorsus
1507 3706 1750 3771 alienus
1798 3710 1911 3775 est.
1982 3700 2383 3787 Explicanda
2428 3703 2575 3764 sunt

325 3814 539 3879 omnia
595 3814 755 3879 ha'ec
813 3814 1114 3880 inusitata
1172 3818 1361 3896 atque
1414 3814 1737 3895 anomala,
1800 3818 1867 3875 ut
1911 3811 2002 3875 ita
2047 3809 2254 3874 dicam
2272 3859 2288 3891 ,
2351 3829 2431 3873 ex
2477 3808 2570 3872 eis

326 3940 490 4003 quae
535 3919 600 3985 in
647 3922 1053 3987 annotatione
1099 3918 1200 3985 ad.
1237 3921 1312 3986 N.
1349 3920 1435 3983 42
1485 3919 1635 3984 dixi.
1685 3954 1776 3962 —
1822 3920 1920 3983 De
1958 3905 2141 4000 regio
2168 3916 2395 3998 bann0,
2448 3933 2569 3997 quo

324 4028 652 4093 monachis
703 4028 852 4113 jura
909 4027 1383 4109 confirmantur,
1447 4032 1508 4091 et
1567 4024 1649 4091 de
1708 4024 2191 4089 comminatione
2243 4040 2453 4107 „reum
2500 4039 2571 4085 se

327 4154 469 4200 esse
500 4135 660 4199 sciat
688 4135 904 4217 regiae
933 4127 1324 4218 majestatis“
1363 4132 1440 4198 cf.
1468 4132 1719 4214 Ficker,
1756 4130 2211 4213 Forschungen
2242 4151 2293 4192 z.
2328 4127 2565 4191 itali'an.

325 4240 926 4324 Rechtsgeschichte
955 4242 1004 4324 I,
1055 4240 1095 4317 ἓ
1142 4240 1228 4305 35
1275 4246 1338 4305 et
1381 4260 1524 4304 mea
1568 4236 2017 4319 additamenta,
2072 4237 2238 4301 Gott.
2276 4234 2571 4301 Gelehrte

325 4348 648 4430 Anzeigen
710 4348 877 4412 1871
898 4397 914 4429 ,
975 4346 1126 4411 951.
1207 4346 1536 4431 Exemplis
1594 4365 1758 4428 quae
1816 4344 1904 4408 ibi
1961 4345 2227 4409 collecta
2272 4347 2416 4407 sunt
2461 4339 2570 4405 ad-

325 4452 601 4520 dendum
669 4460 768 4520 est
834 4453 1009 4519 aliud
1075 4452 1358 4537 diploma
1425 4452 1645 4518 datum
1700 4472 1758 4517 a.
1807 4452 1938 4515 992
1999 4446 2572 4588 archiepiscopatui

2002 4553 2070 4607 12
2136 4552 2149 4561 .
