3209 5434
82 3396 211 3483 Δία(
200 3382 573 3467 (ledda-mma,

124 3506 283 3585 s>
306 3496 433 3539 eo>
466 3513 503 3534 2

176 3572 433 3623 (ΫΫ

1797 530 1923 595 132

912 690 1046 756 Nos
1091 689 1282 773 igitur
1322 708 1762 774 precessorum
1792 694 2146 753 nostrorum
2191 686 2479 753 divorum
2509 686 2968 771 imperatorum,

732 796 948 879 magni
994 796 1390 863 Constantini
1433 795 1731 862 videlicet
1775 802 1838 861 et
1881 795 2224 863 Justiniani
2270 800 2332 859 et
2360 793 2788 859 Valentiniani
2831 811 2970 857 nec-

732 923 859 968 non
906 903 1131 968 Karoli
1187 910 1249 968 et
1293 902 1622 968 Ludowici
1677 904 1962 986 vestigiis
2023 902 2380 968 inherentes
2428 906 2490 966 et
2534 920 2754 966 sacras
2797 899 2970 983 leges

733 1029 949 1076 eorum
1005 1016 1305 1092 tanquam
1351 1009 1567 1074 divina
1625 1012 1882 1075 oracula
1926 1015 2330 1091 venerantes,
2391 1008 2624 1073 imitari
2669 1028 2796 1073 non
2840 1025 2970 1071 eru-

732 1116 1045 1181 bescimus
1085 1116 1564 1181 Constantinum
1610 1117 2050 1200 imperatorem
2095 1116 2176 1182 de
2223 1115 2646 1181 sacrosanctis
2691 1113 2970 1179 ecclesiis
2995 1138 3014 1165 r

732 1229 837 1287 et
862 1223 1048 1288 rebus
1117 1229 1178 1287 et
1242 1223 1591 1307 privilegiis
1663 1244 1878 1289 eorum
1929 1224 2416 1289 constituentem
2483 1243 2562 1288 ac
2627 1221 2965 1286 dicentem:

732 1329 982 1395 Habeat
1026 1330 1455 1413 unusquisque
1500 1330 1828 1395 licenciam
1879 1330 2195 1395 decedens
2242 1331 2547 1396 bonorum
2588 1328 2760 1411 quod
2779 1295 2970 1411 opta·

730 1436 891 1501 verit
934 1437 1311 1520 relinquere,
1373 1443 1437 1502 et
1480 1457 1608 1501 non
1658 1438 1783 1502 sint
1839 1457 2029 1503 cassa
2074 1437 2336 1521 judicia.
2409 1436 2582 1503 Nihil
2639 1442 2737 1501 est
2787 1433 2965 1516 enim,

732 1542 901 1627 quod
946 1544 1150 1627 magis
1195 1544 1553 1609 hominibus
1602 1544 1922 1627 debeatur,
1972 1565 2165 1626 quam
2194 1551 2263 1608 ut
2293 1564 2583 1628 supreme
2611 1541 2965 1622 voluntatiS,

731 1657 1064 1734 postquam
1110 1650 1250 1735 jam
1310 1650 1484 1715 aliud
1542 1651 1704 1717 velle
1761 1671 1890 1716 non
1947 1658 2243 1735 possunt,
2313 1652 2470 1717 liber
2533 1651 2618 1716 sit
2677 1650 2858 1717 stilus
2913 1652 2971 1712 et
2997 1671 3023 1701 a

729 1757 968 1822 licitum
1013 1757 1183 1839 quod
1228 1758 1450 1823 iterum
1496 1778 1625 1823 non
1671 1758 1832 1823 redit
1878 1758 2216 1824 arbitrium.

908 1864 1068 1928 Item
1114 1864 1606 1930 sacratissimam
1660 1867 1868 1949 legem
1913 1865 2340 1931 Valentiniani
2395 1863 2790 1948 imperatoris
2835 1880 2969 1945 prc-

730 1968 896 2035 fecto
953 1972 1229 2054 pretorio
1245 1967 1292 2054 ¹)
1346 1971 1640 2037 Palladio
1697 1956 2100 2063 conscriptys
2119 1972 2482 2037 recolimus:
2553 1972 2785 2037 Verum
2841 1969 2970 2033 sive

730 2083 1104 2143 testamento
1151 2098 1524 2161 quocunque
1571 2078 1718 2163 jure
1775 2079 1943 2143 facto
1991 2100 2099 2145 seu
2149 2079 2441 2145 codicillo
2487 2079 2590 2145 vel
2637 2077 2777 2142 sola
2817 2095 2968 2139 nun-

732 2184 1083 2268 cupatione,
1132 2185 1344 2269 legato
1394 2187 1528 2252 sive
1573 2185 2062 2252 fideicommisso
2095 2191 2204 2250 aut
2231 2186 2448 2250 mortis
2482 2204 2680 2251 causa
2709 2188 2816 2247 aut
2847 2182 2968 2247 alio
2997 2195 3024 2224 Ν

732 2310 1107 2379 quocunque
1152 2293 1370 2357 ultimo
1419 2293 1676 2358 arbitrio
1725 2299 1832 2358 aut
1878 2300 2047 2358 certe
2092 2292 2253 2357 inter
2282 2293 2564 2358 viventes
2595 2290 2808 2355 habita
2853 2289 2968 2353 lar-

730 2397 925 2480 gitate
972 2398 1105 2463 sive
1151 2406 1476 2464 contractu
1522 2399 1904 2465 venditionis
1951 2401 2086 2466 sive
2117 2399 2476 2465 donationis
2515 2404 2622 2463 aut
2651 2397 2776 2462 alio
2823 2414 2968 2479 quo-

733 2523 978 2585 cunque
1023 2505 1243 2589 tytu10,
1294 2506 1630 2589 quisquam
1644 2499 1694 2588 ²)
1728 2506 1812 2570 ad
1845 2506 2154 2590 prefatam
2185 2506 2608 2573 venerabilem
2639 2502 2968 2569 ecclesiam

730 2610 1173 2693 patrimonium
1220 2632 1401 2677 suum
1446 2619 1769 2696 partemve
1801 2620 2037 2679 certam
2066 2613 2428 2698 patrimonii
2457 2612 2526 2677 in
2554 2610 2786 2692 fundis,
2834 2628 2968 2693 pre-

731 2716 853 2781 diis
885 2737 999 2781 seu
1028 2716 1314 2783 domibus
1346 2720 1446 2784 vel
1478 2721 1769 2803 annonis,
1820 2721 2157 2804 mancipiis
2186 2714 2289 2786 vel
2321 2720 2583 2801 coloniS,
2619 2707 3012 2795 eorumve⁸)w

730 2824 995 2905 peculiis
1041 2819 1363 2907 voluerit⁴)
1408 2827 1754 2908 pertinere:
1803 2828 2185 2893 inconcussa
2231 2829 2368 2893 sine
2409 2827 2538 2893 ulla
2570 2825 2815 2911 penitus
2861 2824 2966 2887 im-

729 2930 1085 2995 mutacione
1130 2936 1593 2997 conserventur.
2340 2994 2381 3023 44

908 3038 1050 3102 Hiis
1097 3038 1295 3103 sacris
1341 3039 1594 3121 legibus
1620 3046 1681 3106 et
1712 3042 1935 3107 Karoli
1966 3048 2027 3107 et
2057 3041 2339 3124 Lodoici‚
2389 3040 2614 3123 quibus
2659 3058 2776 3122 par
2803 3036 2966 3102 circa

731 3143 963 3207 cultum
1010 3142 1221 3210 divine
1266 3145 1590 3228 religionis
1638 3154 1701 3213 et
1745 3149 2053 3214 catholice
2097 3148 2247 3214 fidei
2293 3147 2566 3213 studium
2611 3146 2744 3229 fuit,
2796 3143 2966 3209 insti·

729 3251 1069 3316 tutionibus
1116 3251 1369 3334 eruditi,
1432 3255 1807 3319 sententiam
1861 3256 2238 3321 venerabilis
2295 3255 2446 3320 cleri
2491 3196 3012 3329 Wormafiensiscr

732 3357 1017 3437 ecclesie,
1068 3356 1400 3424 decedenti
1444 3360 1750 3426 bonorum
1796 3382 2049 3428 suorum
2087 3363 2407 3427 mobilium
2439 3362 2610 3446 quod
2642 3360 2960 3446 optaverit,
3143 3348 3146 3533 >

508 3456 586 3533 αξ
614 3507 673 3535 Α
598 3436 1085 3551 &Lelinquere
1143 3472 1251 3528 aut
1309 3485 1424 3549 pro
1481 3468 1758 3533 remedio
1817 3470 2025 3535 anime
2084 3489 2197 3535 sue
2255 3472 2358 3534 vel
2414 3469 2541 3534 alio
2598 3469 2819 3552 quovis
2875 3486 2964 3531 re-

732 3576 953 3652 spectu
998 3570 1268 3636 tribuere
1314 3578 1375 3636 et
1418 3579 1860 3640 testamentum
1899 3575 2110 3641 facere
2147 3576 2262 3641 sub
2294 3575 2650 3642 testimonio
2681 3574 2962 3640 adminus

733 3675 997 3741 duorum
1042 3678 1422 3744 confratrum
1470 3699 1741 3765 suorum,
1793 3703 1947 3748 sane
1993 3683 2138 3748 huic
2168 3684 2440 3749 libertati
2468 3690 2836 3769 perpetuam
2863 3680 2963 3747 tri-

730 3781 976 3847 buimus
1020 3782 1390 3850 firmitatem.

906 3890 991 3954 Et
1034 3911 1114 3956 nc
1160 3891 1278 3957 hec
1324 3900 1536 3959 nostre
1579 3895 2035 3979 perhennitatis
2091 3904 2324 3963 statuta
2368 3897 2596 3964 audaci
2641 3898 2864 3982 spiritu
2907 3802 2994 3960 et2

730 4003 939 4062 mente
996 3997 1309 4083 sacrilega
1362 4001 1695 4084 quisquam
1761 4003 2081 4069 hominum
2138 4005 2507 4070 temeranda
2572 4003 2905 4071 crediderit
2916 3996 2963 4084 ⁶)
3134 3978 3140 4161 Ι

730 4112 1086 4189 presentem
1145 4107 1294 4173 inde
1348 4110 1653 4193 paginam
1713 4113 2024 4179 conscribi
2079 4120 2142 4179 et
2195 4115 2388 4198 sigilli
2455 4117 2655 4181 nostri
2711 4117 2962 4202 impres·
3133 4186 3138 4371 4

910 4348 953 4412 ¹)
986 4368 1125 4420 pape
1160 4349 1315 4419 Ood„
1350 4352 1512 4422 cnjus
1550 4354 1786 4422 scriptor
1821 4356 1991 4425 siglas
2024 4372 2082 4427 p.
2107 4374 2162 4426 p.
2199 4356 2340 4414 falso
2376 4293 2700 4427 leg-ff&
2736 4360 2960 4431 quisque

733 4432 866 4488 Cod.
974 4437 1020 4501 3)
1058 4451 1245 4492 eorum
1286 4438 1419 4494 Cod.
1530 4443 1574 4505 ⁴)
1613 4443 1885 4499 voluerint
1920 4445 2055 4500 Ood.
2165 4449 2209 4513 ⁵)
2246 4447 2480 4503 credidit
2514 4448 2649 4504 Ood.
