3209 5434
1753 496 1841 560 32

676 656 1056 744 perfruatur,
1120 656 1288 736 quali
1352 654 1448 716 rel
1504 652 2001 716 Gauderesheim
2061 652 2161 716 vel
2209 648 2737 732 Quidilingohurg
2789 668 2923 712 mo-

676 764 876 828 niales
912 764 1048 828 Dan
1096 760 1440 824 servientes
1488 764 1572 824 uti
1625 760 1929 824 vide-ntur.
2009 760 2089 820 Et
2137 768 2201 820 ut
2249 760 2365 820 hun
2401 768 2653 820 nostrae
2685 756 2921 840 regalis

678 868 1066 934 anatot-itatis
1109 876 1516 951 praeceptum
1548 864 1791 929 firmum
1824 872 1884 930 et
1916 868 2141 930 stabile
2161 872 2570 962 ‘pei-maneat,
2610 860 2921 946 jussimus

675 976 842 1040 hanc
902 980 1142 1039 cartam
1199 971 1510 1038 conscribi
1571 977 1635 1036 et
1690 971 1885 1054 sigilli
1942 972 2140 1035 nostri
2201 970 2595 1056 inpressione
2656 966 2918 1050 signari,

678 1101 867 1166 quam
914 1086 976 1146 et
1019 1098 1210 1144 manu
1254 1079 1514 1164 propria
1559 1078 1777 1142 subtus
1824 1076 2229 1142 firmavimus.

998 1187 1261 1269 Signum
1307 1184 1521 1250 domni
1566 1183 1847 1249 Heinrici
1892 1179 2011 1265 (M)
2056 1184 2225 1267 regis
2272 1180 2685 1248 invictissimi.

998 1293 1353 1376 Egilbertus
1411 1290 1827 1357 cancellarius
1881 1289 2022 1355 vice
2072 1288 2372 1371 Willigisi
2427 1284 2922 1371 archicapellani

1105 1397 1460 1482 recognovi.
1530 1393 1631 1480 (L.
1667 1391 1762 1478 S.)

679 1507 849 1572 Data
903 1505 1196 1572 kalendis
1242 1504 1513 1588 Augusti
1571 1523 1738 1569 anno
1798 1500 2152 1567 dominicae
2203 1499 2654 1570 incarnationis
2699 1497 2920 1580 MIHI,

679 1613 1024 1678 indictione
1053 1614 1102 1696 I,
1154 1631 1321 1676 anno
1367 1630 1520 1676 vero
1568 1609 1783 1675 domni
1827 1608 2106 1674 Heinrici
2153 1607 2415 1673 secundi
2447 1605 2770 1690 regnantis
2800 1602 2920 1670 HI.

679 1719 907 1784 Actum
950 1717 1391 1801 Magadaburg
1433 1717 1499 1781 in
1545 1715 1669 1781 Dei
1716 1715 1968 1780 nomine
2011 1713 2276 1780 feliciter
2322 1734 2523 1779 amen.

2060 1821 2391 1887 Giselbret.
2440 1821 2661 1886 Herolt
2673 1814 2738 1901 ¹).

776 1943 842 1991 Ex
874 1944 1154 2004 autographo
1184 1945 1234 1991 in
1254 1943 1478 1991 tabulario
1495 1943 1897 2002 Wernigcrodcnsi
1929 1946 2178 1990 asservato.
2232 1943 2439 2018 Sigillum
2470 1943 2759 2003 impressum,
2792 1939 2925 1998 cujus

866 2023 1107 2082 inscriptio
1146 2029 1189 2073 ÷
1218 2022 1576 2070 HEINRIGHVS
1608 2018 1717 2070 D‘l
1750 2024 1820 2070 G.
1843 2057 1856 2070 .
1880 2056 1892 2070 .
1931 2047 1979 2056 -
2017 2023 2257 2070 Ineditum.
2308 2012 2739 2076 501„me-

688 2234 810 2304 22.
895 2229 1284 2304 Heinricus
1335 2229 1418 2303 II.
1473 2229 1870 2328 imperator
1918 2234 2287 2327 diplomate
2348 2233 2587 2326 spurio
2640 2224 2925 2327 pactio-

897 2377 1066 2428 nem
1101 2354 1291 2427 inter
1324 2352 1840 2448 Hildegardem
1889 2354 2321 2431 abbatissam
2354 2352 2930 2429 Drubiccenscm

902 2482 974 2551 et
1027 2478 1363 2552 comitem
1417 2477 1798 2555 Wikerum
1861 2479 2154 2555 fiatrem
2223 2483 2377 2575 ejus
2431 2477 2692 2553 factam
2748 2498 2926 2551 con-

898 2602 1132 2676 firmat
1182 2603 1767 2701 monasterioque
1802 2602 2117 2679 Drubiki
2164 2602 2544 2702 praedium
2598 2601 2812 2676 situm
2845 2599 2928 2673 in

895 2726 1068 2800 villa
1119 2724 1564 2802 Hadeburun
1622 2726 1862 2803 donat.
1970 2733 2209 2819 1004,
2280 2726 2468 2822 Aug.
2519 2732 2585 2801 1.
2678 2723 2926 2819 Maga-

902 2848 1198 2946 daburg.

868 2991 936 3056 G.
1011 2992 1084 3055 In
1115 2991 1368 3058 nomine
1413 2989 1673 3076 sanctsse
1720 3000 1783 3058 et
1814 2991 2180 3058 individuae
2210 2992 2520 3058 trinitatis.
2593 2989 2927 3056 Heinricus

690 3097 906 3164 divina
949 3097 1200 3163 favente
1247 3098 1580 3163 clementia
1623 3099 1963 3182 imperator
2002 3101 2427 3164 Romanorum
2472 3102 2793 3181 augustus.
2857 3094 2928 3160 Si

688 3204 969 3270 fidelium
1011 3206 1134 3271 Dei
1189 3205 1551 3289 petitiones,
1615 3225 1773 3288 quas
1831 3206 2013 3271 nobis
2070 3226 2185 3289 pro
2232 3206 2364 3271 suis
2410 3200 2926 3273 nellcessitatibus

691 3311 1103 3393 innotuerint,
1162 3310 1247 3374 ad
1293 3311 1582 3376 effectum
1627 3309 2057 3394 perducimus,
2119 3332 2246 3376 non
2293 3313 2497 3377 solum
2539 3311 2925 3396 imperialem

694 3416 1212 3482 consuetudinem
1266 3437 1632 3482 exercemus
1646 3467 1662 3499 ,
1720 3438 1962 3484 verum·
1993 3418 2183 3483 etiam
2240 3418 2323 3483 ad
2379 3419 2601 3484 beatae
2672 3417 2923 3484 retribu—

691 3522 882 3588 tionis
911 3522 1263 3589 mercedem
1299 3524 1453 3588 talia
1499 3523 1681 3588 nobis
1727 3523 1897 3589 facta
1942 3525 2267 3608 profutura
2310 3525 2699 3590 confidimus.
2765 3523 2922 3602 Qua-

693 3636 950 3714 propter
993 3636 1207 3695 notum
1256 3630 1338 3696 sit
1382 3630 1659 3694 omnium
1702 3630 1983 3696 fidelium
2019 3637 2373 3696 nostrorum
2420 3632 2752 3713 sollertiae,
2800 3637 2925 3694 tam

652 3822 661 3833 .
693 3735 1054 3818 futurorum,
1106 3756 1294 3819 quam
1340 3742 1402 3800 et
1446 3737 1859 3820 presentium,
1918 3738 2185 3820 qualiter
2214 3758 2375 3803 -uos-
2393 3745 2539 3821 post
2582 3737 2927 3803 discessum

393 3833 397 3841 ’
447 3859 541 3882 w*
566 3843 645 3887 ’ὲ
694 3843 1110 3927 prenobilium
1185 3849 1683 3908 constructorum
1758 3850 1820 3908 et
1888 3818 2447 3909 constructricum'l
2468 3844 2737 3927 insignis
2803 3862 2927 3906 mo·

695 3949 955 4014 nasterii
1014 3948 1284 4013 Drubiki
1338 3948 1492 4014 dicti
1547 3950 1612 4015 in
1680 3949 1919 4015 honore
1976 3956 2234 4015 sanctae
2284 3951 2525 4016 Mariae
2580 3951 2705 4016 Dei
2759 3947 2928 4033 geni-

693 4054 868 4121 tricis
914 4056 1242 4138 sanctique
1287 4055 1414 4121 Viti
1466 4056 1760 4140 martyris
1818 4054 2119 4139 dedicati,
2183 4056 2505 4140 Hildigart
2555 4055 2930 4123 venerabilis

873 4298 916 4362 ι)
952 4296 1078 4350 Duo
1115 4295 1253 4351 haec
1288 4298 1509 4352 nomina
1531 4297 1725 4352 eadem
1751 4314 1935 4368 manu,
1973 4313 2083 4368 qua
2107 4299 2374 4370 reliquum
2401 4299 2658 4370 diploma,
2694 4297 2753 4353 in
2775 4298 2933 4353 laeva

697 4384 943 4454 margine
978 4383 1082 4439 sub
1120 4385 1324 4439 calcem
1363 4384 1584 4439 chartae
1627 4387 1831 4456 scripta
1867 4390 2012 4442 sunt.
