3209 5434
1396 525 1521 591 163

327 678 614 767 (Stumpf
639 684 719 747 17
723 683 784 747 4.
825 677 979 765 180)
1011 703 1214 748 annus
1246 682 1424 766 regni
1461 682 1542 747 15
1575 681 2035 747 numerabatur.
2094 680 2231 761 Quo
2258 662 2330 746 i'n
2363 702 2573 747 errore

331 796 568 874 quanta
621 790 808 856 fuerit
864 790 1283 856 cancellariae
1344 790 1731 871 constantia,
1792 795 2012 853 nostra
2057 788 2277 854 charta
2327 788 2571 871 probat,

331 897 511 981 cujus
565 898 633 962 in
691 896 1082 981 autographo
1142 918 1436 962 numerus
1481 897 1679 961 XIIII
1737 916 1816 961 ex
1861 902 2032 960 recto
2082 915 2343 960 numero
2388 895 2571 978 XIII,

333 1004 440 1087 qui
486 1010 675 1069 antea
720 1004 990 1088 scriptus
1040 1010 1190 1088 erat,
1239 1025 1373 1094 non,
1413 1005 1573 1070 bene
1622 1009 1937 1068 correctus
1987 1008 2099 1067 est.

510 1165 626 1230 No,
666 1166 722 1229 7.
795 1164 1160 1247 Diplomata
1190 1164 1675 1239 Hornbacensia
1709 1164 1774 1228 in
1804 1162 2122 1228 volumine
2151 1162 2412 1227 XXXI⁸
2445 1161 2576 1225 Mo·

305 1278 764 1351 ,numentorum
795 1272 1132 1336 Boicorum
1163 1292 1243 1336 ex
1275 1271 1495 1335 codice
1527 1290 1693 1335 saec.
1729 1270 1851 1335 XV
1884 1269 2057 1334 edita
2086 1275 2245 1335 sunt.
2307 1269 2577 1333 Nostrae

333 1384 543 1443 autem
598 1377 855 1443 chartae
899 1385 1124 1463 postea
1169 1377 1626 1462 autographum
1670 1377 1993 1443 inventum
2039 1382 2165 1459 est,
2230 1374 2400 1465 quod
2436 1373 2575 1460 jam

330 1484 399 1549 in
444 1485 750 1550 tabulario
796 1486 1167 1550 Monacensi
1223 1490 1582 1567 asservatur
1642 1490 1829 1567 atque
1874 1484 1978 1547 hic
2034 1483 2303 1567 primum
2350 1481 2571 1546 editur.

333 1590 472 1669 Quo
541 1612 683 1657 cum
726 1581 1027 1657 'editione
1093 1593 1637 1657 Monumentorum
1706 1591 2043 1655 Boicorum
2120 1588 2569 1673 comparand0‚

331 1697 661 1781 pulchrum
707 1698 904 1763 habes
951 1702 1334 1783 exemplum,
1387 1718 1538 1781 quc,
1591 1718 1752 1781 quae
1799 1698 1961 1762 inter
2007 1695 2466 1780 autographum
2514 1700 2575 1759 et

333 1805 770 1890 apographum
817 1806 1104 1889 quamvis
1150 1808 1381 1871 bonum
1429 1810 1491 1869 et
1523 1804 1927 1869 emendatum
1955 1804 2261 1885 intersint,
2311 1821 2575 1884 cognos-
2676 1822 2682 1827 ·

333 1932 462 1977 cas,
511 1948 600 1955 —
646 1913 1064 1979 Observanda
1108 1920 1204 1978 est
1239 1912 1438 1978 nostri
1476 1911 1841 1997 diplomatis
1878 1911 2192 1976 invocatio
2224 1929 2352 1974 non
2384 1928 2577 1991 saepe

332 2019 582 2083 usitata.
667 2020 979 2085 Notabilis
1027 2020 1216 2085 etiam
1262 2026 1359 2085 est
1401 2018 1627 2083 modus
1674 2017 1993 2083 scribendi
2036 2035 2433 2082 numerorum
2479 2015 2575 2078 lit·

333 2132 501 2191 teras
548 2126 859 2191 innostro
893 2127 1236 2211 diplomate
1282 2133 1636 2211 usurpatus.
1709 2126 1944 2205 Datum
1989 2116 2197 2189 autem
2244 2141 2387 2187 esse
2418 2118 2577 2186 illud

335 2253 391 2297 a.
430 2231 490 2297 d.
535 2233 657 2298 XV
711 2254 916 2317 neque
969 2254 1118 2298 vero
1181 2255 1237 2298 a.
1274 2233 1334 2297 d.
1381 2234 1446 2299 V·
1481 2231 1793 2297 kalendas
1850 2230 2229 2296 Februarias
2284 2250 2377 2271 ·—
2435 2247 2577 2291 cum

334 2339 545 2404 scriba
612 2340 734 2405 VX
791 2340 1104 2406 kalendas
1171 2340 1499 2415 Februarii
1568 2338 1924 2405 exaraverit
1998 2371 2087 2381 —-
2161 2356 2328 2401 anno
2398 2334 2580 2419 regni

332 2446 664 2530 probatur,
723 2448 901 2532 cujus
946 2467 1242 2513 numerus
1288 2447 1410 2513 VX
1455 2466 1582 2511 non
1630 2446 1901 2528 quintus,
1952 2443 2067 2509 sed
2114 2444 2364 2525 quintus
2413 2441 2578 2507 deci-

333 2571 474 2644 mus
531 2553 838 2636 legendus
896 2561 1018 2637 est,
1079 2575 1220 2619 cum
1277 2573 1479 2617 annus
1525 2553 1649 2618 XV
1704 2552 1885 2634 regni
1931 2550 2177 2616 Ottonis
2211 2551 2259 2614 I.
2319 2549 2444 2615 VII
2476 2548 2580 2613 die

333 2680 414 2743 m.
461 2660 732 2743 Augusti
799 2662 950 2725 anni
1007 2660 1139 2725 950
1205 2660 1468 2744 incipiat
1534 2665 1724 2742 atque
1792 2658 1981 2724 etiam
2046 2657 2174 2721 alia
2216 2656 2580 2740 diplomata

335 2765 618 2850 ejusdem
667 2768 816 2831 anni
862 2774 1008 2833 ante
1038 2768 1213 2831 illum
1245 2766 1413 2831 diem
1444 2763 1595 2830 data
1626 2761 1910 2849 (Stumpf
1932 2766 2005 2829 R.
2047 2765 2191 2829 187.
2234 2765 2377 2829 188.
2420 2758 2579 2845 189)

333 2880 659 2938 numerum
704 2875 827 2940 XV
872 2875 1233 2959 praebeant.
1304 2873 1754 2938 Annotandum
1802 2878 1898 2937 est
1941 2871 2064 2937 hoc
2106 2871 2247 2935 loco
2296 2870 2576 2954 diploma

334 2980 616 3045 Heinrici
646 2981 762 3065 II.,
813 2982 1069 3069 Stumpf
1091 2984 1163 3046 R.
1204 2982 1405 3064 1649,
1457 2980 1629 3062 quod
1676 2979 1961 3044 similiter
2007 2997 2240 3041 annum
2285 2978 2576 3043 incarna-

332 3087 522 3152 tionis
573 3088 762 3153 MVX
817 3088 1104 3172 praebet,
1175 3108 1361 3171 quem
1390 3086 1741 3152 ‘numerum
1797 3081 1907 3151 alii
1969 3084 2169 3167 1005,
2237 3084 2346 3148 alii
2406 3082 2578 3147 1015

333 3194 725 3278 interpretati
773 3199 934 3277 sunt,
983 3194 1212 3259 falsum
1259 3214 1420 3277 esse,
1471 3214 1597 3277 qua
1644 3193 1723 3258 de
1768 3214 1836 3258 re
1882 3192 2153 3275 diligens
2200 3190 2578 3274 autographi

323 3288 645 3385 'inspectio
692 3301 1019 3367 certiorem
1064 3322 1164 3367 me
1208 3301 1376 3367 fecit.

513 3462 630 3527 No.
667 3463 726 3526 8.
800 3461 956 3527 Cum
1000 3462 1314 3544 genuinae
1364 3460 1608 3524 litterae
1662 3456 2049 3522 fundationis
2098 3456 2577 3541 episcopatuum

337 3566 876 3652 Oldenburgensis
924 3575 986 3633 et
1030 3567 1369 3632 Misnensis
1415 3586 1544 3631 non
1592 3564 1937 3649 supersint,
1988 3562 2435 3628 conferendum
2483 3567 2580 3626 est
2650 3591 2655 3596 ·

335 3681 615 3739 nostrum
663 3674 944 3758 diploma
988 3674 1296 3758 imprimis
1355 3693 1496 3737 cum
1542 3692 1637 3755 eo,
1689 3691 1810 3753 quo
1859 3671 1937 3735 ab
1985 3670 2215 3736 Ottone
2244 3672 2291 3734 I.
2333 3669 2577 3752 episco-

335 3788 521 3866 patus
567 3780 1102 3863 Havelbergensis
1148 3780 1446 3844 fundatus
1494 3785 1617 3860 est,
1669 3776 1927 3861 Stumpf
1947 3778 2019 3841 R.
2063 3778 2217 3860 133,
2278 3776 2425 3841 dato
2475 3775 2578 3840 die

337 3889 377 3952 9
435 3910 516 3953 m.
575 3889 728 3953 Maii
785 3888 936 3953 anni
993 3888 1143 3952 946.
1226 3887 1549 3968 Arengam
1604 3885 1694 3949 ibi
1748 3884 1938 3948 aliam
1996 3890 2184 3966 atque
2239 3884 2305 3947 in
2360 3888 2579 3947 nostra

336 3995 934 4078 Brandenburgensi
977 3994 1196 4058 charta
1220 3993 1538 4076 invenies3
1596 3998 1870 4057 ceterum
1914 4011 2063 4055 vero
2110 3997 2440 4071 utrumque
2486 3987 2577 4052 di-

335 4102 550 4185 ploma
595 4122 675 4167 ex
720 4122 848 4165 una
892 4106 1081 4182 atque
1126 4099 1350 4165 eadem
1399 4098 1669 4164 formula
1714 4100 2015 4182 scriptum
2062 4118 2205 4163 esse
2250 4115 2433 4162 nemo
2482 4099 2579 4159 est

337 4209 444 4291 qui
500 4230 626 4273 non
679 4207 910 4273 videat.
991 4207 1353 4271 Formulam
1410 4206 1649 4289 itaque,
1712 4227 1791 4271 ex
1839 4226 1966 4288 qua
2023 4204 2303 4287 diploma
2347 4202 2579 4267 Havel·

335 4315 642 4397 bergense
689 4314 989 4398 scriptum
1035 4320 1199 4397 erat,
1255 4314 1322 4378 in
1369 4314 1752 4379 cancellaria
1796 4316 2186 4377 asservatam
2232 4329 2393 4393 esse,
2452 4329 2581 4391 qua

334 4421 593 4504 notarii,
655 4441 796 4485 cum
852 4421 992 4503 quis
1052 4420 1333 4506 ejusdem
1387 4420 1559 4485 modi
1605 4420 1859 4486 occasio
1917 4416 2177 4500 rediret,
2236 4422 2573 4496 uterentur,

1220 4531 1224 4536 '
2012 4518 2132 4573 11*
