3209 5434
1329 575 1406 624 XI

237 763 326 818 80.
382 761 672 818 Heinrieus
696 763 796 820 IV.
819 777 918 818 rex
941 762 1394 834 wormatienses,
1430 768 1656 834 propter
1690 761 1960 832 insignem
1988 760 2309 820 fidelitatem

387 858 756 928 oonaudatos,
800 875 836 914 a
871 860 1136 918 solvendo
1171 861 1390 918 teloneo
1426 862 1484 916 in
1521 877 1621 916 sex
1656 861 1791 916 loeis
1827 861 2014 930 regiae
2049 862 2310 931 potestati

383 957 680 1025 assignatis
719 957 928 1012 eximit.
987 959 1144 1028 1074,
1180 958 1306 1015 Jan.
1337 960 1422 1014 18.
1475 958 1779 1014 Wormatie
1854 997 2306 1011 ......

239 1052 330 1109 81.
383 1050 676 1114 Heinrieus
696 1055 765 1112 V.
791 1055 1290 1114 wormatiensibus
1317 1056 1721 1125 exemptionem
1751 1053 1993 1110 thelonei
2014 1055 2071 1110 iu
2098 1059 2311 1124 septem

381 1151 517 1207 loeis
554 1129 822 1221 imperiali
857 1153 1119 1222 potestati
1167 1153 1464 1222 assignatis
1511 1152 1761 1208 solvendi
1797 1150 2085 1207 confirmat
2119 1151 2311 1222 eisque

381 1263 608 1308 censum
653 1263 756 1318 pro
801 1249 1006 1318 vigiliis
1051 1251 1248 1319 quovis
1304 1266 1450 1308 anmo
1503 1251 1749 1306 solutum
1793 1248 2088 1306 condonat.
2151 1251 2313 1320 1112,

381 1345 500 1402 Oet.
528 1348 615 1402 16.
669 1347 1117 1403 Franehenevort
1141 1383 2305 1401 ..............

237 1444 332 1502 82.
383 1444 674 1500 Heinrieus
700 1445 771 1501 V.
796 1445 1011 1500 eivibus
1035 1443 1531 1502 warmatiensibus
1564 1444 1931 1514 privilegium·
1949 1443 2203 1500 coneedit
2239 1442 2309 1498 de

379 1557 492 1596 non
530 1541 897 1597 dissolvendis
934 1543 1234 1614 conjugiis,
1282 1542 1352 1597 de
1378 1543 1506 1614 jure
1544 1541 1905 1596 haereditario
1950 1544 2145 1596 mutuo
2181 1554 2307 1595 eon-

371 1638 591 1710 jugum,
628 1638 698 1694 de
735 1654 847 1694 non
882 1639 1282 1696 constituendis
1319 1639 1533 1695 civibus
1569 1639 1756 1694 invitis
1794 1653 1962 1708 super
1992 1637 2307 1693 theloneum

379 1735 602 1792 navium
619 1778 633 1806 ‚
681 1737 752 1792 de
799 1736 1058 1794 theloneo⁴
1103 1753 1408 1807 pannorum
1455 1737 1757 1795 laneorum.
1832 1736 1997 1806 1114,
2045 1735 2185 1792 Nov.
2218 1735 2309 1790 30.

377 1832 728 1890 Wormaeiae
787 1871 2305 1887 ...................

236 1937 326 1994 83.
379 1937 690 1995 Friderieus
714 1940 758 1994 1.
785 1942 1062 2010 diplomate
1095 1949 1276 2010 spurio
1317 1941 1448 2012 jura
1493 1940 1735 1996 civitatis
1756 1937 2179 1997 wormatiensis
2215 1937 2308 1993 de-

377 2033 518 2091 finit.
574 2038 730 2105 1156,
767 2037 907 2092 Nov.
935 2039 1024 2094 20.
1079 2037 1420 2094 worma-tiae
1493 2073 2305 2090 ..........

238 2139 310 2195 ἓ

313 2179 328 2195 .
379 2141 691 2197 Fri‘derious
735 2143 781 2197 I.
827 2144 1157 2200 sententiam
1204 2144 1373 2198 latam
1421 2143 1492 2198 de
1529 2143 1657 2213 jure
1702 2141 1940 2198 faciendi
1974 2143 2308 2197 testamenta

379 2240 710 2308 promulgat.
768 2241 926 2310 1165,
964 2239 1117 2310 Sept.
1143 2241 1232 2295 26.
1272 2239 1591 2296 ‘Wormatie
1675 2278 2303 2292 ........

236 2342 328 2398 85.
380 2333 692 2401 Friderieus
714 2346 760 2400 Ι.
786 2345 1286 2402 Wormatiensibus
1321 2346 1613 2417 priviiegia
1640 2345 1711 2400 ab
1734 2345 2005 2400 Heinriois
2029 2345 2127 2401 IV.
2153 2350 2211 2401 et
2233 2346 2303 2401 V.

380 2456 667 2498 concessa·
693 2442 982 2499 confirmat
1028 2447 1306 2514 augetque
1354 2444 1621 2514 abrogato
1670 2457 1738 2498 eo
1778 2443 1905 2514 jure
1954 2443 2101 2513 quod
2138 2445 2308 2514 vulgo

379 2536 711 2594 Houbitreht
745 2541 962 2597 dieitur.
1021 2543 1176 2611 1184,
1213 2542 1251 2598 J
1252 2559 1340 2596 an.
1366 2542 1400 2596 3
1494 2579 2129 2593 ........
2142 2618 2146 2622 ·
2205 2581 2218 2594 .
2291 2581 2305 2596 .

235 2645 328 2702 86.
381 2644 511 2702 Otto
535 2647 633 2703 IV.
659 2646 876 2703 civibus
900 2646 1396 2704 Wormatiensibus
1431 2646 1723 2716 privilegia
1757 2645 1828 2702 ab
1866 2645 2307 2704 antecessoribus

379 2758 656 2800 concessa.
679 2743 984 2800 confirmat.
1043 2745 1200 2799 1208.
1257 2744 1427 2814 Apud
1463 2743 1676 2814 Spiram
1760 2783 2303 2797 .......

233 2847 325 2904 87.
373 2849 688 2906 Friderieus
713 2851 782 2905 11.
810 2849 1026 2905 civibus
1043 2849 1542 2906 Wormatiensibus
1574 2851 1759 2905 omnia
1779 2851 1912 2922 Jura
1935 2853 1993 2905 et
2014 2849 2305 2920 privilegia

378 2946 683 3004 confirmat.
741 2949 897 3017 1220,
935 2947 1072 3016 Apr.
1098 2948 1184 3002 20.
1241 2947 1409 3017 Apud
1443 2947 1842 3004 Frankenvofd
1934 2986 2300 3000 .....

234 3051 328 3107 88.
377 3053 668 3109 Heinrieus
693 3054 862 3121 (VII.)
897 3054 1083 3109 omnia
1117 3054 1320 3111 civium
1345 3054 1830 3110 wormatiensium
1862 3053 2152 3124 privilegia
2176 3068 2303 3110 eon-

376 3147 577 3206 firmat.
634 3151 790 3222 1232,
827 3150 975 3220 Aug.
1001 3152 1056 3207 3.
1106 3150 1480 3207 Frankenfurt
1581 3189 2302 3206 .........

233 3254 327 3312 89.
376 3255 670 3313 Letharius
722 3272 820 3313 rex
873 3257 1065 3313 Italiae
1118 3258 1422 3314 Adeleidae
1483 3256 1708 3330 conjugi
1766 3271 1902 3312 suae
1961 3271 2153 3312 omnes
2212 3265 2302 3312 res

377 3368 509 3410 suas
560 3355 619 3410 in
669 3355 792 3411 loeo
837 3355 1012 3412 Vallis
1059 3355 1339 3412 Vicinaria
1391 3356 1529 3411 sitas
1584 3355 1774 3412 donat.
1839 3355 1971 3426 950,
2018 3355 2179 3410 Mart.
2213 3354 2304 3411 31.

380 3451 587 3521 Papiae
611 3490 2303 3508 ....................

233 3556 326 3612 90.
377 3556 646 3613 Rudolfus
682 3558 778 3614 111.
816 3573 913 3614 rex
949 3559 1306 3629 Burgundiae
1353 3560 1688 3616 monasterio
1724 3558 1968 3615 Salsensi
2003 3559 2113 3615 duo
2149 3575 2301 3616 man-

379 3653 524 3724 eipia
558 3654 746 3712 donat.
801 3657 958 3727 1025,
994 3655 1142 3727 Aug.
1169 3659 1223 3712 6.
1275 3657 1569 3726 Pinprinza
1666 3696 2299 3710 ........

233 3760 325 3816 91.
381 3759 656 3832 Canutus,
705 3777 804 3818 rex
847 3762 1084 3832 Angliae
1096 3804 1112 3835 ‚
1161 3763 1494 3820 monasterio
1539 3761 1597 3818 S.
1632 3761 1957 3834 Augustini,
2012 3759 2301 3818 Aelfstano

378 3857 608 3930 abbate,
657 3859 827 3915 donat
861 3876 1062 3942 eorpus
1097 3859 1155 3916 S.
1181 3861 1447 3934 Mildryde
1491 3876 1619 3916 eum
1667 3864 1789 3916 tota
1823 3861 1943 3933 eJus
1978 3863 2127 3916 terra
2160 3857 2305 3915 infra

378 3960 436 4012 et
469 3961 628 4013 extra
661 3957 894 4013 insulam
931 3958 1112 4023 Tanat
1146 3958 1271 4013 sita.
1325 3956 1456 4014 Sine
1493 3973 1639 4014 anno
1754 3995 2298 4010 .......

234 4061 325 4116 92.
375 4062 701 4132 Eadweard‚
727 4079 826 4118 rex
848 4062 1324 4134 Angulsaxonum‚
1350 4064 1540 4119 abbati
1558 4063 1870 4122 Vulfwoldo
1894 4063 2299 4134 possessionem

377 4174 534 4214 suam
570 4159 860 4216 Aesewiea
892 4165 1147 4216 vocatam
1185 4161 1373 4216 donat.
1430 4163 1567 4219 1061
1666 4199 2297 4216 ........

233 4263 325 4318 93.
379 4265 542 4335 Hugo
557 4307 571 4336 ‚
620 4280 718 4321 rex
752 4266 1236 4337 Franeogallorum
1250 4309 1265 4338 ‚
1313 4267 1646 4322 monasterio
1680 4267 2000 4322 Fossatensi
2047 4281 2299 4322 mansum

375 4360 827 4420 indominicatum
863 4365 921 4421 in
955 4363 1087 4420 villa
1121 4365 1432 4422 Mansiones
1467 4364 1634 4421 situm
1657 4363 1861 4423 donat.
1906 4365 2029 4436 989,
2052 4358 2185 4421 Jun.
2208 4365 2299 4422 20.

375 4458 620 4514 Parisius
692 4499 2298 4514 ...................

2377 687 2487 746 Pag.

2383 959 2489 1015 122

2380 1344 2489 1413 124ι

2382 1831 2487 1888 125

2380 2035 2483 2090 127

2380 2239 2486 2295 130

2380 2541 2484 2598 133

2378 2744 2483 2800 136

2376 2945 2482 3002 138

2376 3150 2479 3207 191

2376 3451 2482 3508 143

2375 3655 2481 3712 144
