3209 5434
1333 472 1457 538 187

271 637 418 697 sunt
462 638 884 716 praesentata.
957 630 1234 710 Quorum
1281 632 1478 697 altero
1490 681 1506 713 ,
1559 630 1801 697 scilicet
1843 626 2186 695 Basiliensi
2222 624 2514 712 judiciali

268 740 534 805 veritate
581 745 643 805 et
687 740 1124 805 chronicorum
1168 742 1478 804 vetustate
1518 744 1580 803 et
1610 738 1804 821 gestis
1835 734 2199 803 Chounradi
2226 734 2511 817 refutate,

268 848 537 918 alterum
584 853 680 912 est
723 852 1044 930 receptum
1089 851 1152 910 et
1195 846 1274 909 ab
1321 845 1608 911 omnibus
1658 836 2149 911 confirmatum“.

450 989 567 1054 No.
608 988 708 1071 79.
792 988 891 1052 De
958 987 1081 1052 hoc
1150 986 1494 1072 diplomate
1563 987 1838 1071 Stumpf,
1899 988 2053 1068 Reg.
2101 1006 2155 1049 a.
2193 981 2368 1049 3425
2427 982 2517 1049 ita

272 1092 583 1179 disputat:
641 1094 764 1159 Die
809 1092 1158 1159 Abdrucke
1214 1094 1314 1159 bei
1359 1096 1661 1178 Hel-rgott
1705 1100 1766 1159 et
1810 1093 2122 1158 Trouillat
2162 1092 2277 1179 mit
2319 1091 2515 1155 Inter-

271 1202 573 1285 polation.
653 1199 782 1265 Sed
811 1220 1060 1266 errasse
1089 1200 1336 1267 videtur
1375 1202 1474 1267 vir
1503 1200 1922 1265 doctissimus.
1994 1198 2304 1264 Trouillat
2348 1198 2514 1264 enim

273 1314 337 1373 et
381 1309 679 1391 Herrgott
723 1307 1005 1372 chartam
1051 1328 1131 1373 ex
1186 1307 1406 1373 codice
1463 1307 1870 1391 diplomatico
1918 1306 2258 1371 Basiliensi
2304 1303 2544 1370 effide--

271 1421 445 1498 runt,
495 1415 634 1499 jam
690 1434 868 1496 ver0,
930 1434 1068 1479 cum
1124 1413 1446 1498 librarius,
1509 1415 1615 1497 qui
1671 1400 1847 1479 illum
1907 1412 2188 1477 codicem
2211 1406 2216 1410 ’
2242 1412 2513 1495 scripsit,

273 1528 444 1587 certe
489 1543 617 1587 non
663 1542 738 1587 eo
786 1522 1210 1606 autographo,
1273 1504 1442 1605 quod
1498 1521 1648 1586 olim
1706 1522 1773 1586 in
1827 1520 2208 1585 monasterio
2254 1520 2519 1585 Sanbla-

273 1631 487 1713 sian0,
549 1614 715 1695 nunc
769 1649 922 1694 vero
979 1630 1044 1694 in
1089 1629 1399 1694 tabulario
1447 1627 1887 1695 Carlsruhehsi
1932 1633 2316 1709 asservatur,
2364 1644 2517 1691 usus

273 1737 388 1819 sit,
452 1738 760 1819 sequitur,
821 1742 1075 1802 nostrae
1122 1736 1408 1818 chartae,
1467 1742 1535 1800 ut
1592 1736 1659 1799 in
1715 1733 2109 1819 pactionibus
2168 1732 2519 1799 scribendis

275 1864 528 1928 semper
558 1844 689 1909 fere
717 1843 908 1908 fiebat
938 1838 1044 1926 (cf.
1073 1844 1148 1909 N.
1183 1845 1282 1908 110.
1317 1845 1415 1927 12,
1445 1837 1622 1925 ann.)
1652 1841 1777 1907 duo
1817 1841 2207 1926 exemplaria
2237 1845 2514 1923 exarata,

274 1953 667 2034 alterumque
697 1950 1045 2034 monachis,
1098 1952 1360 2016 alterum
1393 1956 1601 2015 autem
1632 1950 1933 2033 episcopo
1966 1947 2307 2013 exhibitum
2355 1966 2516 2012 esse.

273 2057 444 2124 Illud
511 2078 662 2123 vero
731 2058 1147 2141 enuntiatum,
1231 2057 1400 2141 quod
1476 2058 1542 2121 in
1618 2056 2012 2140 autographo
2082 2052 2521 2121 Oarlsruhensi

274 2165 474 2247 deest,
537 2165 837 2230 omissum
896 2184 1039 2230 esse
1093 2164 1339 2230 videtur
1407 2170 1770 2248 propterea,
1838 2161 2007 2245 quod
2036 2238 2041 2242 .
2069 2147 2521 2251 monachorum

273 2272 496 2339 Sancti
528 2272 730 2337 Blasii
776 2272 932 2337 nihil
978 2272 1292 2355 intererat,
1340 2278 1545 2336 utrum
1592 2270 1877 2354 episcopi
1907 2269 2295 2335 Basilienses
2340 2288 2520 2353 prae-

275 2379 388 2444 dia
435 2379 554 2443 sibi
599 2378 832 2444 tradita
875 2378 1221 2445 venderent
1264 2399 1480 2443 necne.
1553 2377 2005 2461 Interpolatum
2034 2376 2224 2460 igitur
2252 2396 2381 2441 non
2425 2380 2524 2441 est

273 2486 590 2570 diploma,
653 2486 814 2551 sicut
869 2486 1039 2570 apud
1086 2486 1395 2551 Trouillat
1451 2490 1513 2550 et
1563 2485 1861 2567 Herrgott
1914 2483 2209 2567 habetur,
2270 2482 2385 2548 sed
2440 2502 2521 2547 ex

272 2593 476 2658 altero
522 2593 867 2658 Basiliensi
909 2593 1304 2677 autographo
1352 2592 1659 2658 editiones
1706 2610 1921 2656 eorum
1965 2590 2231 2655 haustae
2276 2595 2439 2655 sunt.

456 2734 574 2801 Nc.
627 2737 730 2800 80.
826 2734 1244 2802 Observanda
1299 2740 1396 2800 est
1451 2734 1707 2800 chartae
1762 2732 1947 2819 hujus
2014 2733 2313 2798 universa
2374 2752 2521 2797 con-

277 2842 516 2926 cepti0,
581 2863 744 2926 quae
799 2864 840 2907 a
895 2843 1180 2907 formulis
1240 2842 1495 2908 dicendi
1538 2842 1604 2906 in
1653 2840 2034 2906 cancellaria
2076 2840 2520 2924 imperatorum

273 2949 526 3013 usitatis
557 2949 745 3015 valde
777 2948 1114 3034 discrepat.
1170 2949 1700 3033 Promulgationis
1733 2954 1941 3012 autem
1959 2947 2238 3025 ,formula
2267 2946 2521 3011 omnino

276 3056 518 3121 omissa
564 3062 676 3121 est.
751 3055 918 3135 Quid
965 3056 1084 3121 sibi
1128 3058 1324 3122 velint
1374 3057 1569 3122 verba
1621 3054 1808 3141 „dum
1855 3073 2067 3143 cerere
2114 3059 2176 3117 et
2217 3052 2383 3117 ferro
2428 3058 2521 3117 tu-

275 3162 514 3227 tandae
572 3168 757 3228 nocte
815 3169 876 3228 et
932 3163 1036 3228 die
1093 3156 1600 3229 circumirentur“
1668 3161 1925 3226 difficile
1981 3166 2078 3225 est
2134 3159 2331 3242 dictu,
2395 3158 2522 3225 nisi

276 3270 370 3334 ita
416 3269 889 3353 interpretanda
936 3276 1107 3352 sunt,
1167 3277 1234 3334 ut
1292 3291 1506 3354 regem
1553 3269 1764 3334 dicere
1807 3267 2086 3333 voluisse
2132 3266 2517 3348 arbitremur,

277 3376 522 3443 civibus
577 3378 1002 3463 „singularum
1043 3371 1400 3443 civitatum“
1454 3396 1596 3442 cum
1642 3374 1973 3440 obsidione
2017 3375 2416 3457 cingerentur
2461 3378 2524 3437 et

277 3504 416 3549 rem
459 3483 930 3550 frumentariam
974 3484 1440 3569 procurandam
1471 3521 1475 3525 ν
1501 3489 1565 3548 et
1607 3482 1823 3548 hostes
1870 3481 2062 3547 armis
2108 3478 2521 3564 depellendos

274 3590 494 3657 fuisse.

461 3734 578 3799 No,
625 3735 729 3799 81.
811 3734 1114 3801 Ultimum
1181 3732 1604 3815 enunciatum,
1676 3730 1805 3795 alia
1867 3727 1983 3794 sed
2040 3748 2279 3794 coaeva
2330 3747 2523 3792 manu

277 3848 429 3927 post
472 3862 722 3909 versum
776 3840 1302 3907 corroborationis
1327 3839 1667 3922 scriptum,
1706 3836 1893 3922 jussu
1939 3836 2106 3918 regis
2151 3835 2368 3900 forsan
2412 3833 2522 3898 ad-

280 3950 480 4015 ditum
526 3955 650 4033 est3
700 3947 868 4032 quod
914 3954 982 4012 ut
1027 3947 1360 4033 conjiciam
1405 3946 1712 4028 singulari
1756 3963 2013 4009 numero
2060 3943 2157 4007 bis
2198 3942 2371 4007 iti-eo
2404 3961 2521 4025 pro

277 4057 512 4141 plurali
557 4056 838 4121 adhibito
896 4074 1284 4139 permoveor.
1365 4052 1919 4118 wormatiensium
1976 4049 2143 4114 enim
2187 4049 2523 4132 plurimum

279 4166 591 4229 interesse
636 4164 852 4248 potuit,
901 4167 970 4228 ut
1011 4159 1370 4246 hujusmodi
1415 4160 1821 4241 enuntiatum,
1872 4176 1995 4240 quo
2042 4156 2204 4221 sicut
2236 4156 2303 4219 in
2333 4154 2523 4239 privi-

278 4271 450 4355 legio
496 4271 778 4336 Heinrici
822 4270 930 4334 IV.
981 4268 1257 4333 omnium
1311 4265 1559 4349 imperii
1616 4266 1861 4330 urbium
1912 4263 2153 4330 civibus
2200 4261 2523 4347 digniores

269 4376 724 4465 judicarentur,
774 4376 1030 4443 chartae
1074 4373 1357 4441 Heinrici
1380 4374 1452 4438 V.
1487 4392 1618 4438 non
1662 4370 1930 4439 deesset.
