3209 5434
1368 498 1454 561 99

292 657 544 722 accolas
602 676 719 740 pro
774 655 989 721 liberis
1038 655 1395 721 hominibus
1454 656 1521 721 in
1579 654 1865 740 ejusdem
1925 657 2191 738 ecclesie
2251 657 2527 741 prandiis

290 769 646 845 manentes,
708 763 816 844 qui
872 782 943 828 se
999 764 1101 828 vel
1146 782 1264 829 sua
1307 764 1565 828 novalia
1623 783 1701 829 ex
1746 763 1934 832 viridi
1991 764 2154 829 silva
2207 765 2403 841 factm
2467 765 2527 825 in

279 868 388 954 jus
436 876 499 936 et
550 870 618 935 in
665 869 965 934 ditionem
1009 870 1330 953 praedicte
1378 869 1642 951 ecclesie
1697 869 2108 936 tradidissent
2164 873 2263 935 vel
2323 869 2531 933 adhue

290 976 538 1041 tradere
595 977 855 1059 vellent,
919 976 1002 1040 ad
1050 996 1275 1042 causas
1326 975 1710 1040 audiendum
1764 978 1867 1044 vel
1920 976 2102 1042 freda
2153 977 2527 1061 exigendum

283 1087 398 1147 aut
440 1082 805 1150 mansiones
853 1083 956 1147 vel
999 1089 1258 1166 paratas
1304 1082 1665 1147 faciendum
1717 1083 1819 1148 vel
1866 1084 1945 1148 ab
1995 1084 2086 1148 eis
2131 1085 2323 1149 ullam
2371 1085 2527 1145 redi-

288 1186 587 1253 bitionem
639 1188 1083 1272 requirendum
1139 1191 1241 1256 vel
1298 1189 1382 1253 ad
1440 1188 1702 1272 aliquod
1760 1210 1919 1274 opus
1979 1191 2231 1255 omnim]
2283 1193 2527 1253 distrin-

288 1293 565 1377 gendum
617 1297 745 1361 ullo
794 1316 1091 1379 umquam
1134 1297 1275 1361 loco
1334 1297 1436 1361 vel
1492 1302 1776 1379 tempore
1831 1296 2061 1362 audeat
2104 1317 2523 1381 praesumere.

287 1400 474 1468 Unde
532 1402 720 1470 etiam
778 1402 948 1467 idem
980 1403 1383 1468 ‘venerabilis
1454 1402 1739 1486 pontifex
1799 1402 2247 1485 Meginhardus
2323 1415 2527 1481 nostre

288 1500 700 1574 dominationi
747 1509 1143 1594 supplicavit,
1196 1510 1489 1592 quatinus
1538 1514 1600 1574 et
1645 1529 1762 1573 nos
1809 1509 2271 1593 praedictarum
2323 1533 2523 1573 rerum

288 1614 640 1682 defensioni
656 1611 704 1698 ¹)
745 1617 859 1681 sub
907 1622 1118 1697 nostre
1163 1616 1569 1681 immunitatis
1619 1616 2079 1699 susceperimus
2093 1610 2144 1699 ²)
2181 1621 2519 1681 tuitionem.

287 1721 480 1806 Cujus
527 1723 906 1807 peticionem
952 1730 1164 1805 nostre
1212 1724 1565 1788 serenitatis
1615 1716 1894 1806 aurem³)
1937 1723 2199 1788 libenter
2247 1725 2527 1809 perimpi-

284 1848 422 1896 mus
477 1834 542 1895 et
597 1831 676 1895 ob
721 1831 1138 1896 interventum
1196 1829 1421 1910 dilecte
1477 1830 1766 1914 conjugis
1821 1836 2033 1910 nostre
2081 1830 2275 1909 Gisilffi
2339 1833 2527 1913 impe⁴

284 1935 529 2005 ratricis
584 1943 844 2020 auguste
902 1943 964 2001 et
1021 1937 1449 2017 amantissime
1505 1943 1718 2017 nostre
1785 1938 1982 2021 prolis
2042 1937 2295 2002 Hem-ini
2359 1941 2523 2021 regis

284 2041 450 2108 hanc
495 2050 778 2108 nostram
824 2044 1277 2108 immunitatem
1324 2043 1496 2109 circa
1539 2043 1746 2127 ipsam
1793 2043 2008 2112 sedem
2054 2043 2315 2128 ejusque.
2347 2065 2523 2125 prae-

276 2150 445 2214 latos
480 2150 792 2215 conscribi
819 2150 1280 2234 mandavimuS,
1327 2150 1395 2214 in
1426 2170 1550 2232 qua
1579 2150 2014 2234 praecepimus
2045 2149 2523 2233 firmissimeque

272 2255 599 2340 jussimUS,
651 2257 942 2339 quatinus
991 2264 1219 2323 cuncta
1263 2256 1347 2322 ad
1385 2256 1739 2341 praefatam
1769 2257 2102 2336 ecclesiam
2148 2261 2523 2341 pertinentia

281 2363 348 2427 in
380 2364 571 2447 agris,
621 2365 896 2447 pascum,
948 2364 1232 2447 edificiis,
1281 2364 1464 2429 terris
1512 2364 1697 2429 cultis
1744 2369 1806 2428 et
1848 2352 2121 2447 incultiS‚
2171 2383 2279 2429 sen
2323 2365 2380 2429 in
2419 2365 2519 2429 ln]-

279 2470 570 2554 minibuS,
622 2471 853 2554 servm,
908 2472 1183 2555 SclaviS,
1234 2471 1613 2553 SaxonibuS‚
1663 2470 1958 2555 parochis
2003 2472 2107 2535 vel
2153 2473 2371 2549 ceteris
2423 2493 2519 2533 ae-

282 2576 473 2659 colis‚
532 2578 639 2660 qui
684 2598 757 2643 se
801 2579 902 2642 vel
950 2598 1099 2643 suas
1146 2598 1247 2643 res
1294 2577 1499 2642 eidem
1546 2578 1811 2659 ecclesie
1859 2578 2070 2659 aliquo
2116 2577 2303 2642 mods}
2351 2601 2519 2641 man-

278 2684 573 2768 ciparunt
614 2686 717 2751 vel
764 2671 972 2750 adhuc
1022 2685 1389 2769 mancipare
1440 2685 1686 2767 volunt,
1747 2683 2176 2769 cujuscunque
2235 2685 2355 2749 sini
2415 2705 2520 2749 na*

279 2791 469 2857 tionis
532 2791 789 2876 cujusve
845 2791 1255 2874 conditionis,
1322 2810 1714 2874 quocumque
1759 2790 1906 2875 jure
1960 2790 2172 2856 vivere
2231 2793 2515 2873 debeant,

278 2905 413 2964 tuta
470 2906 533 2964 et
588 2885 1012 2981 indefensa⁴)¹
1044 2898 1159 2963 sub
1220 2904 1439 2963 nostra
1494 2897 1863 2964 inmunitate
1918 2898 2108 2962 liceat
2163 2897 2295 2961 sine.
2355 2901 2519 2961 urrini

277 3004 711 3087 inquietudine
768 3025 1164 3090 permanere,
1228 3025 1348 3070 nec
1398 3006 1674 3087 'quisque
1732 3024 1944 3069 comes
2001 3005 2102 3069 vel
2163 3005 2319 3069 alius
2379 3005 2519 3085 quis

277 3112 566 3196 publicus
618 3112 822 3197 judex
887 3118 1103 3177 noster
1170 3112 1235 3177 in
1292 3113 1424 3176 ulla
1466 3112 1718 3197 penitus
1785 3130 1855 3175 re
1913 3109 2195 3194 praefate
2255 3113 2515 3189 maele-sie

276 3219 565 3284 homines
610 3221 712 3284 vel
756 3239 859 3284 res
907 3218 1138 3284 audeat
1182 3219 1309 3283 ullo
1347 3237 1645 3300 umquam
1675 3224 1956 3301 tempore
2001 3215 2375 3297 distringere
2419 3221 2515 3281 vel

277 3325 626 3408 inquietare
680 3328 783 3391 vel
835 3326 1117 3408 aliquant
1148 3316 1653 3410 jurisdictionem
1698 3324 1802 3389 vel
1845 3327 2223 3409 potestatem
2275 3325 2339 3385 in
2387 3333 2515 3385 tnta

278 3432 509 3497 ducatu
540 3433 861 3497 orientalis
893 3433 1179 3514 Francie‚
1230 3432 1354 3496 nisi
1391 3451 1580 3515 super
1610 3429 1943 3515 parochos,
1995 3448 2151 3512 quos
2184 3429 2519 3513 hargilrlnn

274 3545 532 3622 vocant,
598 3560 922 3604 exercere:
985 3538 1157 3621 quod
1215 3537 1300 3603 ad
1356 3537 1660 3602 honorem
1715 3535 2169 3621 preciosissimi
2227 3537 2515 3617 111:-u*t3*ris

273 3646 478 3711 sancti
538 3647 802 3730 Kyliani
860 3646 1295 3728 sociorumque
1354 3644 1523 3729 ejus,
1584 3643 2040 3728 plenitudinem
2099 3641 2515 3721 benivolentia

275 3751 783 3836 praedecessoris
852 3753 1051 3817 nostri
1108 3751 1389 3816 Heinrici
1447 3750 1887 3834 gloriosissimi
1956 3749 2351 3832 imperaturis
2423 3769 2515 3813 sn

275 3864 555 3941 quentes‚
602 3858 813 3924 facere
860 3864 920 3924 et
967 3859 1345 3924 constituere
1391 3856 1802 3932 decrevimus.
1872 3857 1955 3920 Et
1995 3862 2062 3919 ut
2105 3854 2227 3921 hon-
2275 3857 2515 3917 firmum

264 3966 831 4048 inconvulsumque
863 3965 1032 4030 omni
1062 3971 1343 4048 tempore
1373 3969 1751 4048 perseveret,
1778 3982 1968 4027 manu
1987 3965 2247 4045 propria
2267 3965 2515 4041 signum

271 4073 338 4140 in
367 4071 490 4137 hac
520 4093 710 4155 quam
754 4072 903 4137 inde
938 4061 1245 4157 jussimus
1293 4077 1469 4136 carta
1514 4068 1840 4136 conscribi.
1871 4066 2134 4133 fecimus
2179 4069 2511 4149 sigilloque

265 4184 485 4245 nostro
530 4180 786 4263 signare
832 4184 893 4244 et
937 4178 1307 4244 confirmare
1351 4176 1808 4262 praecepimus.

452 4318 494 4381 ι)
533 4317 628 4369 sic.
662 4316 699 4369 1.
736 4313 1127 4370 defensionem.
1246 4314 1290 4381 2)
1330 4314 1427 4368 sic.
1463 4313 1500 4368 l.
1540 4312 1962 4382 susciperemus.
2069 4312 2112 4378 ³)
2153 4313 2247 4365 sic.
2291 4313 2319 4363 l.
2363 4325 2511 4365 mire.

271 4404 317 4470 ⁴)
353 4404 449 4458 sic.
488 4404 523 4457 1.
561 4402 804 4458 defensa.

1983 4488 2066 4543 7²³*
