3209 5434
203 2222 251 2256 Ἴ.

220 2259 231 2321 ἓ
282 2252 359 2317 ρζ»

379 2256 457 2295 ‘h
514 2249 529 2276 Ι

518 2291 543 2336 l

1776 529 1904 595 124

718 689 995 756 nationis
1043 687 1257 755 domni
1302 687 1583 755 Heinrici
1629 690 1762 754 IIII
1805 688 1976 773 regis
2007 688 2280 771 XVIIII,
2330 687 2509 771 regni
2552 706 2705 752 vero
2748 686 2950 752 XVII.

718 796 947 863 Actum
993 802 1090 861 est
1132 796 1495 862 Wormatie.
1569 796 1866 862 Feliciter
1908 796 1976 860 in
2019 796 2144 861 Dei
2187 795 2441 861 nomine
2486 814 2691 859 amen.

842 935 910 984 Ex
943 934 1222 995 autographo
1263 936 1311 982 in
1344 935 1543 982 archivio
1588 935 1786 982 civitatis
1817 934 2166 982 Wormatiensis
2207 936 2455 983 asservato.
2516 933 2667 992 Sigilli
2696 932 2954 992 inscriptio:

912 1026 952 1065 ψ
1006 1014 1321 1062 nsmmcvs
1354 1000 1427 1061 m
1472 998 1592 1061 οῑῑΑ
1633 1014 1767 1061 Rnx.
1829 1014 2014 1061 mitum
2065 1016 2186 1075 apud
2235 1014 2423 1070 notia,
2480 1012 2800 1060 Reichsstmto
2853 1013 2955 1058 141.

780 1118 791 1131 ο
904 1093 1150 1150 Schannat,
1179 1095 1481 1141 Hist.Worm.
1502 1096 1608 1140 342.
1655 1093 1889 1149 Wolkcrn,
1909 1093 2027 1142 Einl.
2049 1096 2155 1141 321.
2201 1094 2430 1152 Ludcwig,
2459 1092 2560 1141 Bel.
2582 1092 2638 1149 11,
2657 1093 2760 1138 176.
2799 1090 2953 1149 Limig,

903 1172 1229 1221 Reichsarchiv
1243 1174 1399 1229 XIV·,
1422 1174 1529 1220 679.
1581 1172 1815 1229 western,
1845 1173 1970 1231 sing.
1987 1174 2221 1231 Norimbg.
2243 1174 2350 1220 340.
2397 1173 2610 1229 Bbhmer,
2643 1170 2753 1218 eod.
2772 1170 2950 1217 Moeno·

908 1252 1050 1300 franc.
1072 1253 1107 1310 Ι,
1137 1254 1196 1299 12
1223 1253 1393 1312 Frgmt.
1430 1277 1478 1285 —
1517 1250 1730 1310 Bbbmer,
1759 1252 1872 1311 Reg.
1895 1254 2031 1300 1859.
2079 1252 2263 1313 Stumpf
2289 1252 2426 1299 2770.

717 1527 842 1599 81.
926 1520 1315 1596 Heinricus
1351 1518 1436 1597 V.
1476 1518 2125 1598 Wormatiensibus
2196 1517 2734 1619 exemptionem
2795 1516 2946 1591 the-

926 1644 1126 1720 lonei
1177 1645 1255 1719 in
1311 1649 1590 1743 septem
1631 1644 1814 1720 locis
1849 1644 2212 1751 imperiali
2246 1644 2585 1745 potestati
2627 1641 2942 1738 assigna-

926 1768 1019 1843 tis
1058 1768 1387 1843 solvendi
1440 1770 1817 1844 confirmat
1870 1770 2121 1867 eisque
2177 1792 2475 1846 censum
2510 1792 2649 1868 pro
2685 1765 2942 1863 vigiliis

928 1892 1335 1991 quotannis·
1385 1891 1698 1969 solutum
1771 1894 2156 1971 condonat.
2264 1898 2506 1986 1112,
2595 1892 2750 1969 Oct.
2825 1896 2937 1967 16.

920 2016 1531 2094 Franchenevort.

892 2176 959 2245 G.
1035 2180 1107 2243 In
1164 2177 1417 2243 nomine
1474 2182 1694 2242 sancte
1749 2183 1812 2242 et
1863 2175 2189 2244 individue
2232 2176 2545 2241 trinitatis,
2615 2176 2940 2242 Heinricus

713 2284 929 2350 divina
985 2284 1235 2350 favente
1302 2252 2112 2371 clementiaTRomanomm
2176 2284 2517 2367 imperator
2570 2290 2880 2367 augustus.
2914 2287 2934 2367 ΙΙ

709 2391 1063 2475 Imperialis
1108 2391 1438 2473 potestatis
1486 2396 1583 2455 est
1628 2395 1690 2455 et
1733 2391 1986 2475 pietatis
2034 2391 2309 2455 omnium
2341 2391 2624 2455 servituti
2654 2389 2935 2473 congruis

708 2497 1093 2582 respondere
1138 2496 1457 2562 beneficiis
1474 2546 1491 2580 ,
1552 2496 1848 2562 videlicet
1891 2502 1988 2580 ut,
2044 2498 2152 2580 qui
2197 2498 2262 2562 in
2307 2497 2558 2563 servicii
2603 2496 2936 2562 devocione

708 2624 779 2671 se
825 2605 1078 2670 exibent
1121 2603 1513 2689 promtiores,
1563 2603 1630 2668 in
1677 2603 1926 2669 servicii
1974 2604 2163 2668 etiam
2207 2604 2710 2670 remuneratione
2741 2624 2808 2669 se
2837 2602 2931 2688 ju-

708 2709 909 2775 dicari
954 2710 1273 2793 digniores
1321 2708 1642 2802 gaudeant
1687 2715 1748 2775 et
1794 2710 2204 2776 sublimiores.
2292 2711 2525 2776 Notum
2569 2711 2757 2795 igitur
2800 2730 2932 2776 esse

707 2818 994 2882 volumus
1054 2817 1341 2882 omnibus
1389 2816 1622 2882 Christi
1673 2816 1998 2899 nostrique
2043 2817 2331 2883 fidelibus
2377 2824 2506 2883 tam
2549 2817 2930 2903 presentibus

708 2944 899 3007 quam
950 2924 1203 3007 futuris,
1267 2924 1535 3006 qualiter
1578 2942 1696 2987 nos
1744 2923 1823 2987 ob
1869 2922 2112 2988 firmam
2158 2930 2222 2990 et
2265 2924 2691 2990 inviolabilem
2733 2923 2926 3007 fidem,

707 3050 895 3114 quam
926 3031 1434 3096 Wormacienses
1482 3030 1653 3096 cives
1701 3029 1866 3112 patri
1911 3035 2126 3096 nostro
2173 3031 2352 3112 beate
2396 3032 2696 3113 memorie
2735 3050 2928 3097 serva-

704 3144 927 3203 verunt
986 3144 1047 3202 et
1100 3137 1282 3202 nobis
1336 3137 1525 3201 etiam
1571 3156 1828 3201 servare
1873 3137 2133 3220 debent,
2196 3132 2459 3202 consilio
2507 3139 2697 3203 etiam
2741 3144 2801 3203 et
2838 3156 2928 3202 ro-

705 3250 857 3327 gatu
923 3244 1277 3327 principum
1341 3249 1694 3308 nostrorum
1755 3244 1998 3309 Alberti
2054 3244 2408 3327 Maguntini
2461 3242 2924 3328 archiepiscopi,

708 3349 1060 3414 Bur-ohardi
1089 3349 1604 3415 Monasteriensis
1652 3350 1952 3436 episcopi,
2002 3350 2321 3443 Frederici
2368 3350 2564 3434 duciS,
2617 3349 2928 3417 Godefridi

705 3455 951 3521 comitis
982 3453 1062 3520 de
1094 3455 1349 3539 Caloen,
1399 3457 1768 3522 Herimanni
1799 3458 2201 3541 marchioniS,
2248 3455 2516 3523 Gerardi
2547 3456 2628 3523 de
2657 3458 2926 3522 Wasem-

703 3563 850 3628 berc
906 3565 1221 3628 teloneum
1276 3563 1599 3646 videlicet,
1662 3563 1833 3646 quod
1889 3570 2069 3648 pater
2114 3570 2328 3630 noster
2373 3564 2464 3629 eis
2512 3565 2773 3648 remisit,
2819 3582 2926 3629 nos

702 3669 893 3735 etiam
940 3670 1030 3734 eis
1077 3670 1445 3735 remittimus
1493 3675 1555 3734 et
1588 3669 1803 3754 judeis
1849 3670 2084 3736 ibidem
2131 3670 2598 3736 demorantibus
2642 3677 2705 3736 et
2734 3669 2928 3737 stabili

701 3775 1031 3861 privilegio
1094 3775 1533 3841 confirmamus
1550 3825 1565 3858 ‚
1629 3776 1697 3841 in
1753 3759 2039 3843 omnibus
2084 3778 2244 3843 locis
2289 3778 2622 3863 imperiali
2645 3776 2928 3864 potestati

700 3882 1073 3965 assignatis,
1136 3881 1448 3964 siquidem
1492 3883 2076 3969 Franchennevurt,
2132 3885 2470 3969 Boparten,
2517 3885 2925 3967 Hamerstein,

698 3989 1105 4072 Drutmunni,
1158 3988 1465 4072 Groslarie‚
1513 3988 1770 4072 Angere
1814 3995 1877 4054 et
1920 3990 2343 4057 Nuorenberc.
2437 3986 2709 4077 Insuper
2751 3992 2928 4058 etiam

700 4116 986 4179 censum,
1049 4116 1231 4179 quem
1290 4116 1406 4180 pro
1462 4095 1695 4178 vigiliis
1759 4096 1927 4160 omni
1985 4117 2152 4163 anno
2214 4099 2382 4164 soliti
2429 4105 2609 4164 erant
2621 4094 2701 4182 ¹),
2760 4099 2929 4165 salva

700 4206 910 4267 tamen
957 4202 1245 4268 custodia
1290 4202 1580 4286 civitatis,
1631 4208 1699 4267 ut
1744 4202 1926 4269 nobis
1973 4211 2340 4289 perpetuam
2385 4204 2753 4272 fidelitatem
2793 4225 2928 4272 con-

852 4412 926 4490 Ἴ)
965 4425 1307 4481 Vocabulum
1350 4426 1630 4497 „solvere“
1668 4428 2110 4499 interpolantium
2146 4430 2365 4487 videtur
2401 4444 2540 4486 esse.
