3209 5434
1316 502 1442 567 175

249 676 376 739 quo
425 657 749 741 Gercken,
811 660 1006 724 altero
1052 660 1431 743 Viennensi,
1493 681 1617 743 quo
1663 660 1971 743 Ludewig
2027 681 2179 727 usus
2226 668 2339 727 est.
2418 663 2495 727 In

248 770 470 830 neutro
515 772 712 830 totum
744 765 1023 850 diploma
1052 767 1354 849 invenies,
1405 766 1490 831 ad
1520 772 1851 848 utrumque
1882 773 2090 833 autem
2122 768 2175 833 si
2207 767 2489 852 respicis,

247 870 317 935 id
364 872 536 954 quod
581 893 701 955 ego
746 872 888 956 feci,
937 893 1064 937 non
1111 873 1370 939 difficile
1416 880 1512 939 est
1556 874 1869 956 integrum
1913 875 2255 939 restituere.

430 1014 546 1080 Nc.
583 1014 686 1079 35.
759 1014 850 1079 Of.
901 1016 1368 1081 annotationem
1415 1014 1500 1080 ad
1545 1017 1621 1082 N.
1659 1017 1717 1080 3.

429 1156 546 1221 No.
583 1158 687 1221 37.
760 1158 860 1221 De
904 1157 1127 1221 litteris
1175 1157 1550 1239 oblongatis,
1601 1156 1827 1240 quibus
1861 1157 2222 1242 diplomatis
2254 1159 2493 1242 primus

249 1282 474 1327 versus
519 1263 906 1329 scribebatur
953 1264 1029 1329 cf.
1066 1264 1300 1346 Sickel,
1347 1264 1510 1328 Acta
1539 1264 1920 1328 Karolorum
1950 1266 2000 1347 Ι,
2050 1264 2089 1341 ἓ
2122 1267 2230 1349 94;
2284 1266 2494 1330 Kanz-

221 1369 335 1433 lei
381 1369 680 1434 Konrads
711 1371 794 1434 II.
844 1391 904 1454 p.
938 1372 1038 1436 79.
1111 1369 1439 1435 Albericus
1473 1370 1858 1453 Casinensis,
1901 1370 2170 1437 dictator
2200 1392 2366 1437 saec.
2395 1372 2495 1436 XI

244 1476 338 1540 ita
384 1475 566 1541 dicit:
617 1478 778 1556 solet
806 1483 1014 1542 autem
1045 1478 1250 1561 prima
1280 1477 1449 1542 linea
1478 1483 1914 1561 preceptorum
1955 1478 2163 1562 longis
2210 1485 2274 1545 et
2303 1499 2491 1562 equa-

243 1583 412 1648 libus
467 1583 690 1648 litteris
750 1584 1008 1668 figurari
1077 1579 1497 1667 (Rockinger,
1555 1584 2044 1650 Formelbiicher
2100 1586 2164 1650 in
2225 1585 2491 1663 Quellen

244 1688 379 1754 und
407 1690 877 1774 Erorterungen
906 1710 1022 1755 zur
1045 1690 1403 1755 bairischen
1426 1690 1557 1755 und
1582 1691 1926 1757 deutschen
1953 1690 2182 1757 Gesch.
2209 1693 2323 1775 IX,
2352 1688 2487 1773 38).

245 1797 518 1863 Saeculo
567 1797 811 1862 decimo
859 1817 928 1861 re
973 1816 1125 1861 vera
1167 1801 1335 1862 totus
1382 1798 1621 1881 primus
1666 1819 1917 1881 verSUS,
1968 1799 2103 1864 sive
2150 1801 2353 1864 solum
2399 1799 2491 1863 in-

244 1904 644 1969 vocationem
701 1910 762 1968 et
817 1903 1061 1967 titulum
1087 1922 1094 1929 ·
1119 1904 1319 1987 regis,
1391 1904 1527 1969 sive
1594 1912 1924 1988 praeterea
1990 1906 2181 1971 etiam
2248 1912 2492 1989 partem

243 2031 524 2093 arengae
579 2031 692 2076 seu
749 2009 1271 2095 promulgationis
1331 2011 1934 2094 comprehendebat,
1995 2012 2217 2076 litteris
2276 2013 2491 2076 oblon-

242 2118 411 2201 gatis
461 2118 848 2183 scribebatur
893 2137 1097 2199 neque
1129 2119 1320 2182 ullum
1352 2118 1540 2203 hujus
1575 2120 1812 2183 saeculi
1847 2118 2127 2202 diploma
2156 2118 2288 2183 vidi
2320 2118 2491 2201 quod

242 2226 313 2290 in
360 2226 561 2309 primo
607 2228 797 2291 'versu
853 2224 1094 2289 litteras
1156 2225 1375 2290 breves
1409 2225 1708 2297 haberet.
1790 2225 1944 2290 Cum
1992 2232 2199 2290 autem
2244 2225 2489 2291 litterae

240 2333 478 2415 longae
523 2331 830 2415 imprimis
878 2330 961 2395 ad
1009 2330 1489 2415 distinguendas
1549 2354 1589 2398 a
1632 2332 1892 2413 reliquis
1940 2331 2301 2416 diplomatis
2347 2352 2490 2415 par-

240 2439 412 2504 tibus
470 2460 548 2504 ea
607 2437 970 2520 enunciata,
1033 2458 1196 2521 quae
1255 2439 1470 2505 Sickel
1532 2440 1689 2503 bene
1745 2439 2160 2534 protocollum
2218 2439 2486 2521 vocavit,

240 2546 335 2610 ita
389 2544 860 2627 adhiberentur,
931 2550 1001 2608 ut
1055 2546 1244 2611 etiam
1301 2546 1649 2629 recognitio
1707 2545 2068 2610 cancellarii
2138 2551 2200 2609 et
2268 2565 2489 2609 versus

240 2652 804 2734 monogrammatis
851 2652 942 2716 eis
989 2652 1422 2736 scriberentur,
1475 2651 1728 2718 saeculo
1772 2652 1869 2715 XI
1914 2651 2199 2716 nonnulli
2245 2651 2490 2717 scribae

240 2758 460 2841 regiae
524 2758 942 2824 cancellariae
1008 2779 1087 2824 ea
1145 2759 1338 2823 verba
1406 2779 1683 2842 arengae
1752 2759 1886 2823 sive
1944 2758 2484 2841 promulgationis,

241 2885 408 2947 quae
465 2885 846 2947 quamquam
889 2884 1018 2929 non
1075 2864 1158 2929 ad
1203 2866 1619 2949 protocollum
1677 2866 2105 2950 pertinebant,
2167 2872 2377 2930 tamen
2421 2865 2488 2928 in

240 2972 447 3055 primo
492 2962 706 3055 versu,
769 2978 834 3035 ut
879 2958 1104 3056 plenus
1149 2970 1355 3055 fieret,
1407 2973 1867 3057 scribebantur,
1926 2971 2149 3036 litteris
2194 2970 2487 3035 brevibus
2616 3038 2620 3042 ,

241 3099 508 3143 exarare
554 3084 910 3163 coeperunt.
985 3077 1187 3155 Quam
1219 3100 1351 3143 rem
1381 3079 1649 3163 primum
1680 3078 2096 3144 animadverti
2139 3077 2203 3140 in
2251 3075 2490 3158 aliquot

239 3184 526 3249 Heinrici
572 3185 654 3249 ΙΙ.
705 3185 937 3250 chartis
992 3185 1246 3249 Monaci
1303 3185 1684 3268 adservatiS,
1750 3184 2006 3268 Stumpf
2047 3185 2236 3248 1630.
2292 3185 2483 3249 1683.

247 3292 438 3356 1771.
512 3290 752 3368 Quibus
812 3292 880 3356 in
937 3292 1224 3357 omnibus
1283 3292 1434 3357 inde
1489 3292 1569 3357 ab
1628 3292 1844 3355 ultimo
1891 3291 2049 3373 regii
2095 3290 2256 3354 tituli
2302 3309 2488 3355 voca-

241 3396 390 3462 bulo
439 3404 785 3463 ceterorum
831 3418 994 3481 quae
1040 3398 1106 3462 in
1149 3398 1351 3482 primo
1399 3397 1760 3482 diplomatis
1803 3418 1991 3463 versu
2037 3397 2274 3481 scripta
2320 3402 2482 3479 sunt,

239 3503 488 3569 litterae
543 3524 672 3569 non
727 3511 874 3570 sunt
931 3505 1308 3587 oblongatae
1369 3504 1484 3571 sed
1540 3504 1781 3571 breves,
1853 3504 2033 3569 Idem
2092 3504 2363 3568 occurrit
2420 3504 2487 3567 in

241 3607 586 3693 diplomate
631 3611 897 3676 Kanzlei
939 3611 1237 3676 Konrads
1268 3613 1351 3676 ΙΙ.
1401 3614 1473 3675 Β.
1510 3611 1659 3693 215,
1709 3610 1876 3675 idem
1923 3610 2111 3675 etiam
2156 3610 2221 3673 in
2267 3616 2487 3674 nostra

241 3716 479 3781 charta.
552 3717 820 3782 Saeculo
851 3718 948 3781 XI
992 3708 1324 3801 interdum,
1375 3720 1629 3783 saeculo
1672 3718 1804 3782 XII
1848 3718 2213 3801 plerumque
2258 3716 2349 3781 ita
2394 3715 2486 3780 di-

239 3822 522 3905 plomata
567 3824 1013 3889 scribebantur.
1601 3804 1606 3819 ’

421 3966 538 4031 No.
576 3966 679 4030 38.
752 3966 952 4049 Signa
1010 3966 1504 4049 recognitionum
1560 3966 1627 4029 in
1684 3964 2045 4048 diplomatis
2105 3964 2351 4030 Ottonis
2398 3966 2480 4030 Π.

237 4071 410 4154 regis
455 4092 583 4135 non
629 4092 876 4156 semper
922 4078 1271 4137 occurrunt.
1344 4072 1499 4137 Cum
1547 4071 1804 4136 chartae
1850 4069 2105 4156 Stumpf
2145 4073 2293 4136 681.
2332 4072 2480 4136 682.

238 4178 390 4243 684.
432 4177 577 4242 750.
617 4180 762 4244 792.
799 4181 946 4244 839.
983 4180 1132 4244 840.
1169 4179 1295 4243 841
1332 4183 1446 4242 cet.
1497 4197 1572 4241 eo
1621 4184 1881 4242 ornatae
1928 4178 2079 4261 sint,
2136 4178 2203 4241 in
2250 4177 2485 4243 chartis

237 4283 496 4368 Stumpf
533 4286 680 4350 678.
730 4273 894 4351 679.
927 4287 1073 4351 687.
1125 4286 1272 4350 806.
1323 4284 1472 4349 815.
1519 4285 1667 4349 816.
1706 4284 1834 4349 857
1882 4304 2009 4349 non
2055 4284 2481 4368 inveniuntur3

235 4390 648 4455 novissimum
671 4391 736 4455 in
762 4413 884 4474 quo
908 4391 1063 4456 illud
1089 4391 1218 4456 vidi
1243 4398 1339 4456 est
1357 4390 1508 4475 dipl.
1535 4390 1793 4475 Stumpf
1808 4393 1955 4474 891,
1985 4391 2111 4456 dat.
2136 4412 2303 4457 anno
2328 4393 2479 4457 983.
