3209 5434
1354 542 1476 606 171

297 698 466 781 quod
514 720 593 763 ex
639 700 1031 784 autographo
1079 700 1278 766 edidit
1322 700 1562 765 Savioli
1601 694 1869 783 (Annali
1911 700 2257 783 Bolognesi
2287 696 2364 781 1¹³,
2398 693 2531 781 46).

293 806 393 870 Ibi
439 807 748 871 ecclesiae
777 808 1166 873 Bononiensi
1213 812 1276 872 et
1321 806 1606 872 defensio
1652 808 1829 889 regia
1876 813 1937 873 et
1982 807 2371 872 confirmatio
2409 826 2539 870 om-

293 913 468 977 nium
543 914 848 978 bonorum
918 913 1362 978 conceduntur.
1458 913 1682 978 Scriba
1750 914 2017 979 formula
2084 912 2537 997 concipiendae

205 1031 224 1047 ·
294 1020 734 1085 mundeburdii
781 1020 1036 1086 chartae
1081 1022 1398 1102 utebatur3
1447 1021 1512 1084 in
1558 1041 1748 1085 versu
1793 1021 1982 1104 igitur
2012 1019 2536 1085 corroborationis

296 1126 776 1211 subscriptionis
838 1128 1054 1211 regiae
1114 1128 1495 1193 mentionem
1554 1147 1681 1192 non
1738 1128 1918 1193 fecit:
1993 1129 2291 1192 attamen
2321 1146 2537 1190 mono·

294 1253 582 1316 gramma
636 1234 846 1318 ipsum
905 1240 968 1299 et
1011 1254 1232 1300 versus
1279 1231 1544 1317 Signum
1589 1234 1802 1299 domni
1843 1232 2097 1300 ‘Ottonis
2144 1255 2205 1317 p.
2240 1254 2301 1317 p.
2339 1232 2538 1316 diplo—

293 1340 448 1403 mati
493 1362 619 1405 non
669 1340 911 1405 desunt.
991 1340 1468 1407 Observandum
1514 1347 1610 1405 est
1638 1346 1967 1424 praeterea
1994 1341 2061 1405 in
2091 1346 2305 1405 nostro
2338 1338 2538 1423 diplo'-

295 1448 466 1511 mate
512 1448 627 1512 No.
667 1450 754 1512 20
805 1448 968 1513 inter
1019 1468 1128 1513 eos
1178 1448 1282 1531 qui
1328 1446 1721 1512 Bernardum
1784 1455 1845 1513 et
1888 1449 2142 1512 Petrum
2189 1446 2538 1529 inquietare

293 1559 585 1618 vetantur
631 1548 855 1621 ducem
903 1562 964 1619 et
1007 1554 1434 1619 marchionem
1482 1558 1629 1619 ante
1676 1555 2220 1645 archiepiscopum
2268 1559 2329 1617 et
2374 1553 2537 1636 epis-

298 1680 527 1743 copum
572 1662 924 1745 memorari,
977 1668 1118 1727 cum
1163 1663 1530 1746 plerumque
1575 1662 1724 1726 laici
1771 1661 2015 1727 clericis
2063 1661 2128 1725 in
2176 1659 2536 1744 diplomatis

294 1768 593 1851 postponi
639 1769 910 1852 soleant,
961 1769 1038 1834 cf.
1072 1770 1339 1834 Kanzlei
1370 1769 1669 1837 Konrads
1694 1770 1784 1834 -Π,
1819 1790 1880 1853 p.
1918 1770 2021 1833 38.
2093 1768 2383 1849 Denique
2427 1786 2537 1831 no·

293 1878 431 1939 tatu
479 1873 737 1957 dignum
783 1883 896 1959 est,
947 1877 1275 1941 Heriberto
1324 1876 1703 1941 cancellario
1750 1882 1831 1963 et,
1856 1875 2311 1959 archipraesuli
2357 1873 2537 1938 Colo-

294 1972 505 2045 niensi
559 1988 778 2047 contra
821 2003 1002 2048 usum
1051 1983 1470 2048 cancellariae
1513 1983 1759 2047 titulum
1805 1982 2283 2067 archiepiscopo
2330 1980 2533 2045 tribui.
2641 1990 2647 1997 '

478 2160 594 2224 No.
633 2161 736 2225 21.
775 2162 878 2225 22.
951 2162 1317 2226 Monasterii
1363 2160 1775 2227 Drubicensis
1828 2162 1893 2225 in
1939 2160 2252 2225 montibus
2298 2158 2539 2223 Hartzii

295 2266 402 2330 siti
439 2274 712 2350 praeter.
735 2268 872 2350 tria,
925 2288 1086 2351 quae
1131 2267 1252 2333 hoc
1297 2269 1455 2333 libro
1503 2267 1642 2350 ed0‚
1694 2273 1755 2332 et
1799 2274 2048 2352 praeter
2094 2266 2376 2332 chartam
2418 2267 2538 2330 Lo-

294 2372 654 2438 tharianam
689 2375 944 2458 Stumpf
981 2375 1175 2459 3254,
1228 2374 1351 2440 duo
1399 2375 1527 2439 alia
1574 2374 1923 2458 diplomata
1970 2394 2135 2439 saec.
2169 2374 2234 2438 X
2268 2373 2333 2437 in
2362 2374 2538 2437 tabu-

294 2480 458 2545 lario
489 2481 1048 2564 Wernigerodensi
1095 2488 1470 2547 conservata
1515 2487 1661 2545 sunt
1700 2479 2112 2565 autographa,
2163 2500 2325 2564 quae
2356 2479 2538 2545 sicuti

294 2590 516 2651 nostra
571 2588 692 2652 tria
749 2588 956 2653 adhuc
1011 2589 1246 2673 publici
1294 2588 1456 2672 juris
1514 2588 1685 2653 facta
1737 2608 1863 2652 non
1923 2593 2083 2651 sunt.
2167 2587 2345 2665 Quae
2398 2606 2538 2651 cum

299 2712 513 2759 comes
546 2694 1010 2778 Stolbergensis
1055 2695 1210 2759 mihi
1255 2715 1383 2759 non
1427 2693 1819 2779 permisisset
1863 2701 1931 2758 ut
1976 2694 2228 2759 ederem
2269 2694 2532 2777 integra,

298 2802 526 2865 saltem
572 2822 785 2866 eorum
831 2809 1084 2885 regesta
1128 2802 1250 2867 hoo
1294 2803 1435 2866 loco
1482 2802 1807 2885 vulganda
1852 2821 1994 2867 esse
2041 2801 2219 2865 duxi:

484 2928 538 2990 1.
613 2927 762 3008 960,
813 2947 869 2991 a.
907 2926 966 2990 d.
1001 2927 1091 2992 IV
1137 2927 1280 2992 idus
1328 2927 1673 3011 Septembr.
1748 2927 1893 2992 Otto
1924 2927 1973 2989 Ι.
2010 2943 2120 2990 rex
2168 2925 2247 2990 ob
2294 2924 2539 3009 petitio-

295 3052 443 3097 nem
491 3034 778 3119 conjugis
826 3054 979 3099 suae
1010 3033 1404 3099 Adelheidae
1449 3033 1606 3098 duas
1640 3039 1851 3117 partes
1883 3032 2301 3116 proprietatiS‚
2351 3052 2538 3114 quam

295 3140 662 3205 Diotmarus
708 3140 771 3204 in
820 3161 988 3225 pago
1021 3142 1426 3223 Ratinzgowe
1472 3141 1538 3204 in
1581 3140 1879 3205 comitatu
1908 3137 2271 3203 Berchtoldi
2299 3137 2536 3221 habuit,

299 3265 464 3329 quae
501 3246 746 3331 judicio
794 3247 1013 3332 populi
1057 3248 1123 3311 in
1170 3248 1337 3330 regis
1373 3246 1481 3331 jus
1528 3246 1789 3321 redacta
1833 3252 1947 3329 est,
1995 3246 2181 3311 tertia
2220 3251 2399 3330 parte
2445 3265 2539 3309 re-

294 3352 449 3417 licta
506 3372 695 3435 quam
755 3354 908 3419 dare
965 3354 1027 3419 S.
1075 3354 1333 3419 Kiliano
1391 3374 1503 3418 rex
1561 3352 1881 3437 deposuit,
1952 3352 2035 3417 ad
2090 3351 2540 3417 monasterium

294 3460 620 3525 Drubechi
679 3460 875 3525 donat
926 3482 1004 3526 ea
1052 3461 1412 3526 conditione
1457 3466 1524 3524 ut
1570 3460 1854 3543 Gerberg
1900 3459 2184 3544 ejusdem
2227 3458 2540 3523 Diotmari

299 3586 496 3649 soror,
546 3568 612 3631 in
644 3568 869 3633 eodem
897 3569 1038 3633 loco
1070 3570 1313 3652 velata,
1339 3568 1560 3634 diebus
1603 3567 1771 3633 vitae
1802 3586 1957 3631 suae
1986 3566 2347 3649 praedictas
2379 3565 2539 3629 duas

296 3679 512 3758 partes
571 3674 927 3758 possideat,
990 3680 1214 3760 postea
1272 3682 1480 3740 autem
1537 3695 1653 3739 eae
1710 3672 1795 3737 ad
1863 3694 2189 3739 commune
2254 3692 2539 3737 sororum

297 3781 636 3846 servicium
684 3781 960 3846 redeant.
1010 3816 1099 3825 —
1144 3782 1389 3846 Liutulf
1426 3783 1687 3847 cancell.
1724 3781 1808 3846 ad
1853 3781 2052 3846 vicem
2083 3780 2416 3845 Brunonis
2452 3812 2539 3823 --

293 3888 525 3978 Actum
572 3888 1018 3972 Magedeburg.

482 4014 540 4077 2.
615 4013 746 4077 980
791 4033 846 4077 a.
885 4012 944 4077 d.
980 4014 1080 4078 III
1125 4012 1267 4077 idus
1315 4012 1682 4095 Septembr..
1736 4010 1883 4077 Otto
1914 4011 1996 4075 Π.
2030 4010 2367 4093 imperator
2409 4028 2539 4073 mo-

296 4119 644 4183 nasterium
689 4120 978 4202 Drubiki‚
1035 4119 1331 4185 Wichero
1387 4118 1614 4183 comite
1660 4123 1722 4182 et
1767 4117 1991 4181 ceteris
2038 4118 2145 4198 qui
2191 4116 2395 4181 eidem
2440 4135 2539 4180 ec-

295 4226 534 4291 clesiae
591 4227 943 4311 praesulari
994 4226 1369 4291 videbantur
1413 4224 1832 4307 tradentibus,
1892 4224 1958 4288 in
2005 4244 2184 4288 suam
2230 4221 2541 4288 defensio-

298 4354 449 4398 nem
495 4334 774 4418 suscipit,
825 4334 1126 4418 petitione
1161 4354 1238 4399 ac
1270 4352 1586 4398 consensu
1614 4330 1995 4398 Hildiwardi
2026 4330 2327 4415 episcopi,
2374 4331 2541 4396 Deo-

304 4440 504 4505 derici
549 4440 942 4506 marchionis
953 4490 971 4524 ,
1022 4440 1302 4505 Wicheri
1359 4440 1604 4505 comitis
1663 4447 1852 4523 atque
1897 4438 2190 4521 omnium,
2259 4437 2367 4521 qui
2422 4438 2542 4503 sibi
