3209 5434
1375 499 1499 565 135

313 654 710 721 attendentes
758 656 1070 741 imperiali
1124 657 1217 722 eis
1263 658 1634 724 auctoritate
1680 658 2086 743 indulsimus,
2145 666 2213 725 ut
2271 662 2431 727 sicut
2475 665 2555 725 uh

314 763 647 828 exactione
703 761 868 847 juris
938 764 1108 845 quod
1174 765 1408 830 buvteil
1477 765 1707 831 dicitur
1778 765 2172 850 indulgentia
2243 769 2555 852 privilegii

314 870 555 953 antiqui
600 874 744 935 sunt
789 866 1095 950 inmunes,
1146 871 1235 936 ita
1280 871 1468 937 etiam
1517 874 1596 937 ab
1644 874 1973 939 exactione
2017 875 2235 958 optimi
2265 876 2555 939 animulis

314 977 449 1042 sive
505 977 907 1061 preciosioris
964 978 1349 1060 vestimenti,
1412 978 1581 1061 quod
1639 980 1705 1043 in
1750 981 1995 1063 vulgari
2050 980 2403 1047 houbitreht
2451 1005 2551 1045 vu-

314 1089 521 1165 catur,
585 1082 664 1148 de
711 1089 916 1148 cetero
965 1084 1091 1148 sint
1137 1084 1425 1149 absoluti.
1498 1085 1798 1152 Similiter
1843 1087 2151 1152 indultum
2197 1089 2289 1154 eis
2337 1089 2555 1153 confir⁴

312 1209 576 1272 mamus,
626 1195 694 1254 ut
736 1190 943 1255 nullus
987 1209 1199 1255 eorum
1232 1211 1272 1255 a
1300 1192 1770 1274 magistratibus
1804 1194 2074 1259 civitatis
2105 1193 2336 1258 invitus
2369 1213 2555 1277 super

311 1296 673 1362 theloneum
717 1296 969 1361 navium
1017 1298 1442 1363 constituatur.
1517 1300 1615 1364 Ne
1672 1307 1880 1365 autem
1936 1301 2256 1365 servitium
2302 1299 2382 1364 de
2427 1301 2555 1361 thu.-

311 1404 498 1470 loneo
555 1403 737 1468 nobis
795 1409 903 1467 aut
957 1404 1258 1488 episcopo
1316 1406 1766 1471 Wormatiensi
1823 1406 2098 1472 debitum
2157 1405 2551 1485 diminuantu-J

312 1509 801 1576 detrectantibus
850 1511 1135 1575 omnibus
1180 1511 1303 1577 hoc
1350 1511 1624 1577 officium
1665 1514 1963 1597 recipere,
2015 1513 2443 1579 collaudamus
2495 1521 2555 1577 ut

314 1618 755 1684 confirmamus
802 1617 868 1681 in
916 1617 1418 1701 supplementum
1461 1619 1650 1704 hujus
1698 1620 1888 1684 officii
1936 1620 2151 1685 datum
2196 1620 2555 1685 theloneum

313 1723 396 1790 de
440 1723 680 1808 grossis
729 1730 791 1788 et
833 1724 1031 1806 nigris
1077 1723 1281 1789 laneis
1329 1726 1556 1809 pannis
1598 1727 2020 1810 constitutum,
2070 1726 2248 1812 cujus
2279 1725 2555 1790 thelonei

312 1832 594 1916 precium
648 1830 908 1895 dimidio
966 1830 1226 1896 denario
1284 1838 1532 1897 constat
1588 1831 1669 1897 de
1727 1833 1992 1916 singulis
2039 1834 2287 1917 panniS.
2364 1833 2443 1897 Et
2494 1841 2555 1893 ut

313 1937 433 2003 hec
481 1938 722 2003 civibus
754 1937 1321 2004 Wormatiensibus
1368 1938 1539 2002 facta
1580 1939 1918 2004 clementer
1946 1939 2342 2022 indulgentia
2386 1941 2555 2001 nimii

313 2064 431 2111 evo
476 2053 847 2128 permaneat
892 2046 1279 2126 inconvulsa,
1330 2050 1687 2127 presentem
1733 2044 1880 2111 inde
1910 2046 2211 2129 paginam
2243 2049 2553 2111 conscribi

302 2149 611 2236 jussimus
662 2158 724 2216 et
770 2149 962 2235 sigilli
1006 2151 1203 2216 nostri
1250 2151 1646 2234 inpressione
1692 2152 1997 2235 insigniri.
2070 2153 2138 2217 Si
2176 2152 2314 2235 quis
2347 2157 2551 2215 auis-m

312 2257 460 2325 huic
503 2264 714 2339 nostre
761 2258 1188 2324 renovationis
1237 2264 1299 2322 et
1329 2257 1820 2324 confirmationis
1853 2260 2207 2324 auctoritati
2247 2261 2555 2324 contraire

312 2365 726 2448 temptaverit,
778 2366 895 2430 LX
939 2366 1134 2430 libras
1183 2365 1320 2429 auri
1364 2366 1505 2449 puri
1544 2386 1661 2450 pro
1691 2386 1860 2450 pena
1890 2373 2242 2451 componat,
2294 2386 2553 2449 quarum

310 2472 618 2537 medietas
665 2471 888 2555 phisco
934 2472 1262 2556 imperiali,
1313 2472 1557 2554 reliqua
1600 2493 1750 2538 vero
1793 2473 2025 2557 injuria
2067 2474 2219 2538 lesis
2266 2477 2551 2558 personis

310 2582 724 2666 persolvatur.
796 2581 956 2646 Item
1011 2581 1125 2645 sub
1184 2578 1407 2644 eadem
1466 2600 1636 2662 pena
1689 2580 2018 2645 statuimus
2066 2586 2153 2663 et,
2216 2581 2377 2646 sicut
2431 2581 2551 2665 pri>-

310 2688 544 2771 vilegio
599 2686 1071 2773 predecessoris
1129 2692 1191 2751 et
1243 2686 1465 2769 proavi
1521 2686 1752 2768 nostri,
1824 2686 2106 2751 Heinrici
2162 2688 2365 2769 quarti
2423 2689 2551 2751 [Ιίψὶ

310 2794 735 2879 imperatoriS,
795 2793 1101 2858 indultum
1160 2793 1416 2875 legitur,
1483 2792 1574 2858 eis
1630 2793 1940 2877 imperiali
1995 2795 2363 2859 auctoritate
2407 2817 2551 2857 utan-

310 2901 659 2984 firmamus,
720 2907 788 2965 ut
844 2901 1016 2966 cives
1062 2900 1558 2965 Wormatienses
1618 2900 1683 2965 in
1729 2900 1886 2964 locis
1933 2900 2195 2984 imperio
2240 2905 2551 2985 pertimu-

309 3009 476 3074 tibus
532 3008 771 3073 nullum
824 3006 1184 3071 theloneum
1242 3009 1637 3091 persolvant,
1697 3004 2068 3071 nominatim
2112 3027 2262 3072 vero
2309 3007 2374 3071 in
2419 3009 2547 3069 his:

310 3116 766 3197 Frankinvurt‚
815 3113 1157 3197 Bopardin,
1207 3114 1610 3195 Hamirstein‚
1662 3112 2015 3194 Tramonie,
2068 3113 2374 3195 Goslarie‚
2427 3117 2551 3177 rin-

309 3242 487 3306 gere,
559 3224 874 3304 Numage‚
945 3221 1240 3304 Duspurc
1301 3227 1367 3288 et
1420 3221 1486 3285 in
1539 3220 1700 3285 locis
1758 3219 2012 3301 reliquis
2073 3219 2156 3283 ad
2223 3219 2547 3304 imperium

312 3329 760 3414 spectantibus.
868 3328 1170 3394 Similiter
1238 3326 1579 3393 earundem
1652 3326 1971 3390 civitatum
2042 3345 2155 3391 seu
2223 3326 2547 3410 opidorum

311 3435 484 3501 cives
542 3436 780 3500 nullum
838 3433 1005 3519 apud
1065 3434 1560 3500 Wormatienses
1617 3432 1975 3512 theloneum
2031 3434 2395 3518 persolvant
2411 3485 2427 3513 5
2491 3445 2551 3497 ut

309 3541 471 3607 haec
517 3562 681 3624 equa
723 3541 1091 3607 vicissitudo
1123 3542 1289 3606 intra
1318 3543 1462 3607 loca
1491 3537 2146 3623 imperio'specialiter
2176 3540 2551 3623 pertinentia

312 3654 374 3715 et
417 3648 579 3713 inter
622 3648 1117 3714 Wormatienses
1176 3654 1477 3732 perpetuo
1538 3648 1843 3714 inviolata
1886 3650 2269 3731 permaneat.
2346 3646 2547 3725 Hujus

312 3756 404 3822 rei
464 3761 609 3821 sunt
665 3762 887 3821 testes:
949 3754 1283 3819 Heinricus
1342 3756 1770 3845 Romanorum
1825 3775 1937 3820 rex
1995 3758 2326 3836 augustus,
2391 3745 2547 3817 Clin-

308 3863 503 3930 radus
570 3862 973 3946 Moguntinus
1042 3862 1587 3946 archiepiscopuS‚
1669 3853 1998 3927 Cl‘inradus
2070 3861 2547 3926 Wormatiensis

310 3970 667 4055 episcopus,
717 3970 1116 4035 Hermannus
1161 3969 1678 4034 Monasteriensis
1725 3970 2080 4054 episcopm,
2130 3959 2305 4034 Ot‘ino
2346 3969 2547 4033 Ratis-

311 4078 614 4163 ponensis
660 4076 1017 4161 episcopus,
1065 4075 1328 4140 Diether
1372 4077 1573 4161 major
1619 4076 2016 4160 praepositus
2048 4076 2543 4153 WormatiensiS,

310 4166 718 4250 Meinlrardus
778 4183 1085 4265 decanus,
1148 4175 1456 4248 Ri'idulfus
1504 4182 1986 4248 Wormatiensis
2043 4182 2307 4261 ecclesie
2363 4201 2544 4246 eanu-

314 4273 495 4357 nicus
542 4297 604 4357 et
632 4291 977 4375 imperialis
1007 4291 1148 4370 aule
1179 4289 1704 4373 prothonotarius,
1723 4340 1731 4348 .
1753 4289 2109 4355 Fridericus
2143 4287 2272 4353 dux
2302 4288 2547 4361 Suet-iffi

312 4398 653 4464 Ludwicus
731 4398 1096 4481 langravius
1173 4397 1519 4482 Thuringie
1533 4447 1550 4480 ‚
1623 4389 1875 4463 Oi'mrad
1942 4396 2259 4481 palatinus
2323 4397 2547 4477 Rheni]
