3209 5434
1387 530 1470 594 67

231 701 244 710 ·
310 685 615 768 quelibet
628 704 905 769 persona
951 685 1125 751 dedit
1158 677 1259 751 vel
1304 686 1369 750 in
1400 693 1723 770 posterum
1773 688 2048 772 legitime
2094 689 2284 772 dabit,
2335 697 2555 754 nostra

306 792 621 875 imperiali
668 792 1036 858 auctoritate
1081 792 1539 870 confirmamus.
1615 795 1698 858 Et
1743 801 1810 859 ut
1853 795 1972 876 hec
2002 794 2287 879 predicta
2315 797 2555 878 regalia

308 896 479 964 dona
523 898 1113 992 Brandeburgensis
1134 873 1423 981 ⁷ecclesie
1470 900 1757 984 episcopi
1808 900 1888 966 de
1916 921 2107 966 manu
2136 901 2447 985 imperiali
2489 902 2551 966 in
2621 911 2624 913 ’

307 1025 468 1089 pace
515 1011 578 1070 et
622 1006 831 1088 quiete
876 1007 942 1070 in
985 1013 1355 1090 perpetuum
1401 1012 1674 1104 teneant,
1730 1013 1946 1073 nostro
1990 1009 2303 1122 imperiali
2347 1008 2551 1073 edictu

183 1124 234 1171 s
306 1112 645 1177 sancimus.

484 1219 688 1322 HuJus
736 1224 949 1300 nostre
980 1218 1475 1284 confirmationis
1506 1224 1700 1284 testes
1733 1226 1908 1286 sunt:
1958 1222 2329 1305 Pelegrinus
2360 1223 2551 1306 Aqui

305 1322 611 1431 leyensis‘
614 1325 997 1411 patriarcha,
1038 1326 1315 1391 Hillinus
1348 1327 1758 1392 Treverensis
1791 1327 2326 1412 archiepiscopus,
2363 1329 2551 1394 Widn
2603 1317 2607 1321 ¹

306 1434 675 1516 RavennaS,
739 1432 1097 1516 Stephanus
1142 1433 1523 1499 Viennensis
1582 1433 2130 1518 archiepiscopus,
2190 1436 2551 1501 Everardus

306 1539 875 1624 Babenbergensis,
908 1540 1220 1604 Henricus
1251 1539 1645 1623 Leodiensis,
1683 1539 2065 1606 Godefridus
2099 1541 2547 1626 Trajectensin

217 1672 262 1707 o
305 1645 667 1713 Fridericus
742 1646 1291 1730 Monasteriensis,
1375 1646 1734 1712 Guntherus
1811 1646 2157 1731 Spirensis,
2239 1649 2551 1714 Henricus

304 1749 867 1837 wirzeburgensis
948 1753 1230 1818 Mar-chio
1274 1698 1757 1858 'Theodericusss
1796 1754 1942 1820 Otto
1988 1756 2339 1838 palatinuS,
2388 1757 2551 1821 Lod

304 1860 483 1927 vicus
542 1861 961 1945 lantgravius,
1024 1835 1392 1925 Ci'mradus
1406 1861 1726 1944 palatinus
1773 1860 1854 1925 de
1899 1861 2139 1944 RhenO,
2190 1845 2551 1929 Ἐϊίᾶ6ῑ16ι1ἑ

306 1966 437 2033 dux
493 1967 840 2033 Suevorum
852 2017 869 2049 ,
931 1967 1243 2032 Henricus
1302 1967 1431 2032 dux
1476 1948 1862 2051 Karinthie,
1887 1968 2247 2035 Bureardus
2294 1969 2551 2053 Megde-

305 2073 638 2158 burgensis
685 2057 1069 2139 burcravius.
2087 2144 2142 2218 ss

187 2217 244 2253 ’Υ
627 2207 892 2291 Signum
961 2206 1199 2272 domini
1265 2207 1589 2273 Frederici
1657 2208 2083 2273 Romanorum
2153 2213 2547 2293 imperatoris

732 2315 1128 2380 invictissimi
1172 2308 1310 2397 (M).

626 2420 764 2504 Ego
822 2422 1073 2487 Ulricus
1133 2420 1550 2487 cancellarius
1605 2421 1748 2486 vice
1802 2420 2096 2486 Reinaldi
2155 2422 2547 2489 Coloniensis

734 2528 1197 2612 archiepiscopi
1244 2534 1307 2593 et
1343 2528 1555 2593 Ytalie
1601 2527 2145 2593 archicancellarii
2188 2533 2547 2613 recognovi.

306 2658 469 2726 Aeta
541 2666 687 2725 sunt
754 2661 872 2743 hec
940 2682 1106 2727 anno
1173 2660 1485 2742 dominice
1552 2660 2006 2727 incarnationis
2073 2661 2372 2747 MCLXI,
2458 2663 2551 2729 in*

160 2786 208 2831 πο
308 2765 581 2833 dictione
624 2768 841 2852 VIHI,
901 2775 1207 2853 regnante
1266 2768 1520 2833 domino
1574 2767 1914 2833 Frederico
1960 2769 2387 2834 Romanorum
2439 2770 2551 2834 im-

305 2879 595 2958 peratore
640 2875 1175 2958 victoriosissimO,
1227 2895 1394 2940 anno
1408 2874 1617 3014 regni
1648 2872 1782 2959 ejus
1814 2874 1897 2958 X,
1947 2876 2196 2960 imperii
2225 2897 2374 2942 vero
2406 2877 2547 2942 VII

305 2979 600 3046 Feliciter
646 3003 849 3047 amen.
922 2983 1158 3047 Datum
1187 2954 1432 3047 Laude
1441 2957 1518 3045 in
1546 2982 1799 3065 palacio
1845 2982 2242 3066 imperatoris
2273 2984 2406 3048 XII
2436 2983 2547 3049 ka-

304 3086 529 3152 lendas
574 3089 743 3154 Julii.
814 3084 914 3171 (L.
951 3083 1047 3170 S.)

396 3216 464 3264 Ex
495 3220 775 3279 autographo
799 3221 848 3266 in
875 3220 1099 3266 tabulario
1128 3220 1315 3279 capituli
1330 3219 1784 3276 Brandenburgensis
1811 3221 2058 3267 asservato.
2104 3220 2250 3277 Sigilli
2282 3221 2519 3280 inscriptio
2535 3241 2547 3265 ;

498 3304 540 3350 ÷
572 3298 941 3345 FREDERIGVS
974 3298 1075 3344 DEI
1108 3298 1328 3344 GRATIA
1358 3297 1650 3344 ROMANOR
1681 3298 2021 3345 IMPERATOR
2045 3332 2057 3345 .
2080 3332 2091 3345 .
2123 3298 2222 3344 VG.
2270 3300 2545 3346 Ediderunt:

492 3377 719 3432 Gereken,
766 3378 1038 3437 Fragmenta
1086 3378 1315 3424 Marchica
1344 3378 1398 3434 ΙΙ,
1421 3378 1466 3423 4.
1529 3378 1677 3434 Idem,
1727 3377 2052 3442 Stiftshistorie
2092 3378 2196 3425 351.
2253 3379 2547 3437 Hasselbach‚

494 3456 602 3502 Cod.
623 3457 793 3503 Pomm.
817 3457 851 3513 Ι,
875 3459 951 3505 57.
1006 3457 1192 3513 Riedel,
1234 3457 1350 3504 Nov.
1379 3457 1481 3504 cod.
1504 3457 1792 3515 Brandenbg.
1816 3457 1851 3512 Ι,
1877 3458 1920 3514 8,
1945 3459 2051 3504 102.
2092 3482 2140 3489 -
2175 3458 2396 3515 Bohmer,
2436 3458 2547 3517 Reg-

490 3534 600 3594 imp.
624 3536 761 3582 2445.
813 3536 997 3595 Stumpf
1026 3538 1164 3583 3907.

304 3781 432 3852 47.
517 3775 930 3854 Fridericus
957 3777 1446 3892 Limperator
1480 3780 1920 3854 monasterio
1956 3778 2337 3871 Herdensi,
2374 3801 2543 3877 pre-

516 3902 754 4000 posito
796 3901 1153 3994 Cunrado‚
1194 3902 1539 4000 quasdam
1574 3904 1825 3978 vineas
1868 3927 1910 3978 a
1947 3902 2288 4010 Cunrado·
2317 3904 2543 3978 milite

519 4025 608 4100 de
644 4025 1185 4102 Rulichesheim
1238 4050 1316 4102 se
1370 4028 1734 4102 mediante
1790 4027 2087 4101 donatas
2146 4028 2539 4103 confirmat.

525 4155 752 4248 1175.
822 4144 1041 4249 Apud
1092 4150 1650 4227 Rulichesheim.

480 4309 558 4374 In
601 4308 855 4374 nomine
899 4316 1119 4375 sancte
1174 4315 1238 4375 et
1280 4309 1604 4376 individue
1648 4309 1962 4375 trinitatis,
2047 4308 2406 4377 Fridericus
2454 4310 2543 4377 di-

300 4414 452 4480 vina
509 4414 763 4482 favente
837 4417 1172 4482 clementia
1243 4418 1670 4483 Romanorum
1739 4418 2079 4502 imperator
2129 4425 2469 4502 augustus
2523 4417 2543 4493 Η

2011 4520 2046 4574 5
2060 4518 2098 4556 41·

2147 4228 2202 4241 n-
