3209 5434
21 3977 142 4022 mm

1358 549 1482 613 117

295 706 529 770 firmari
559 705 874 770 humiliter
905 705 1225 789 deprecati
1249 712 1409 771 sunt.
1452 706 1726 785 Quorum
1751 684 1922 791 jusfe
1947 709 2240 790 peticicni
2271 717 2395 769 tum
2427 729 2535 789 pru

296 812 583 897 conjugis
630 817 841 891 nostre
872 812 1170 893 Richinze
1209 813 1424 896 regine
1457 814 1565 897 pia
1612 813 1962 896 dilectione,
2015 821 2139 877 tuni
2179 837 2287 897 prs]
2339 813 2536 877 archi-

295 916 582 1002 episcopi
626 919 974 1001 Mogontini
1034 925 1500 1001 ceterorumque
1557 920 1912 1004 principum
1967 921 2179 982 humili
2231 921 2536 1001 [metir-inne

293 1025 511 1090 libenti
572 1026 781 1089 animo
830 1044 1161 1089 assensum
1207 1027 1566 1109 prebuimus
1580 1077 1596 1109 ‚
1662 1009 2579 1117 regaliffivstrat'‚÷m1;jietc.11*it.a-tejf

294 1131 734 1196 confirmantes
804 1131 1087 1215 ejusdem
1155 1132 1279 1197 loci
1332 1132 1684 1197 libertatem
1739 1133 1818 1197 ab
1877 1132 2103 1198 Ottnne
2167 1113 2539 1213 {impertilem

271 1238 589 1314 ‘traditam
636 1259 711 1303 ac
760 1238 990 1303 deinde
1040 1259 1080 1303 a
1124 1238 1423 1303 Heinrico
1470 1259 1639 1322 rege,
1698 1238 1954 1304 tandem
1999 1261 2031 1301 n
2087 1241 2379 1301 Heinricn
2427 1241 2535 1301 ini-

292 1350 582 1430 peratore
636 1343 767 1409 filio
826 1345 1027 1428 ipsius
1074 1345 1419 1428 Argentine
1478 1352 1846 1411 renovatam
1893 1351 1955 1410 et
1999 1345 2199 1409 niudis
2251 1345 2535 1409 unmiliue

294 1472 335 1516 a
380 1450 524 1535 jure
569 1450 941 1516 Basiliensis
998 1452 1262 1533 ecclesie
1314 1452 1672 1516 alienatam.
1750 1453 2047 1517 Preterea
2103 1453 2275 1533 regia
2331 1461 2535 1517 :uictu-

292 1558 474 1624 ritate
529 1557 889 1641 statuimus,
952 1564 1020 1621 ut
1064 1559 1131 1622 in
1179 1559 1484 1623 electione
1530 1558 1824 1624 advocati
1870 1559 2063 1623 abbae
2111 1561 2339 1621 liabent
2387 1561 2531 1623 lihe-

291 1686 427 1730 ram
488 1670 862 1748 potestatem
924 1684 1063 1730 cum
1101 1665 1384 1730 consilio
1438 1665 1700 1729 fratrum
1747 1685 1995 1730 suorum
2043 1669 2231 1729 taleni
2279 1665 2531 1745 eligit-re,

291 1792 477 1854 quem
524 1770 608 1835 ad
654 1749 2031 1863 defendendamffibeffani-s—tgfflet
2071 1773 2395 1853 justiniani
2431 1773 2531 1833 lm-

292 1897 441 1942 num
487 1883 549 1942 et
594 1878 807 1942 utilem
855 1883 1042 1960 atque
1088 1877 1383 1943 idoneum
1431 1885 1794 1962 cognoscat,
1847 1879 1952 1962 qui
1987 1901 2108 1941 nen
2147 1901 2255 1961 pru
2291 1885 2531 1941 terrena]

292 1982 649 2067 commodo,
722 1983 838 2049 sed
907 2005 1022 2068 pro
1091 1985 1462 2050 remissione
1532 1991 1933 2069 peccatorum
1995 2007 2243 2049 eum-um
2303 1997 2363 2049 et
2423 2005 2531 2067 pru

292 2096 507 2171 eterna
564 2090 856 2157 mercede
912 2092 1119 2175 ipsam
1177 2091 1576 2157 advocatiam
1633 2092 1866 2157 habere
1916 2097 1987 2157 et
2051 2093 2203 2157 'wne
2267 2101 2535 2153 tractare.

288 2198 457 2263 velit.
537 2198 606 2263 Si
652 2204 890 2281 autem,
952 2197 1121 2281 quod
1168 2198 1359 2282 absit,
1420 2219 1548 2263 non
1606 2205 1675 2263 ut
1719 2199 2095 2281 advocante,
2163 2197 2271 2261 eud
2327 2201 2531 2281 potine

290 2304 749 2387 calumpniator
795 2310 856 2368 et
900 2325 1205 2388 pervasor
1248 2305 1614 2370 monasterii
1643 2305 1828 2370 fuerit
1857 2311 1919 2370 et
1949 2305 2303 2369 adtritumue
2339 2305 2528 2369 aem-el

288 2416 351 2476 et
408 2411 645 2497 iterum¹
691 2415 879 2493 atque
925 2413 1119 2476 tercio
1166 2431 1294 2476 non
1342 2411 1798 2496 emendaverit,
1861 2413 2111 2477 omnino
2163 2421 2531 2493 puteetntem

286 2517 519 2582 habeat
576 2517 800 2583 abbas
830 2538 973 2583 cum
1031 2519 1295 2584 consilio
1354 2518 1615 2586 fratrum
1672 2524 1733 2583 et
1787 2523 1999 2600 nostru
2059 2529 2531 2601 lmen-urumque

289 2644 728 2690 successorum
773 2626 1123 2708 patrocinio
1170 2626 1338 2690 hunc
1383 2625 1724 2708 reprobare
1755 2631 1817 2688 et
1847 2625 2035 2689 alium
2071 2625 2183 2689 sihi
2225 2625 2527 2689 utilium-eni

285 2732 704 2813 undecunque
754 2732 1004 2815 eligere.
1073 2734 1154 2796 Et
1198 2739 1265 2796 ut
1309 2732 1428 2797 hec
1474 2736 1693 2797 nostra
1737 2731 1971 2814 regalis
2020 2733 2407 2793 confirmatio
2443 2737 2527 2793 at-

286 2858 410 2921 que
457 2839 813 2903 constitutio
861 2839 1103 2904 stabilis
1137 2846 1199 2904 et
1228 2840 1601 2904 inconvulsa
1633 2838 1801 2903 omni
1831 2843 2111 2921 tempure
2147 2845 2523 2921 permanent,

283 2944 453 3009 hanc
508 2951 745 3009 cartam
794 2945 1106 3009 conscribi
1152 2966 1466 3029 manuque
1512 2945 1770 3029 propria
1816 2945 2287 3009 conubia-:untes
2339 2945 2527 3025 eigilli

283 3051 485 3117 nostri
539 3052 952 3135 impressione
1000 3050 1309 3135 jussimus
1368 3052 1675 3134 insigniri.
1762 3050 1831 3115 Si
1892 3053 2027 3133 quis
2087 3057 2291 3113 autem
2339 3057 2523 3113 iem-e]-

282 3158 487 3223 rarius
541 3163 937 3241 presumptor
983 3157 1169 3242 hujus
1216 3158 1413 3223 nostri
1459 3157 1772 3242 privilegii
1819 3156 2351 3221 confirmatis-imm
2399 3157 2527 3218 via-

280 3266 416 3330 lare
462 3264 913 3351 presumpserit
958 3270 1065 3329 aut
1095 3266 1461 3347 inquietare,
1512 3265 1649 3329 auri
1679 3263 1999 3347 purissimi
2031 3265 2095 3329 [l-
2139 3265 2323 3325 lilii-ne
2363 3285 2519 3325 enni-

280 3378 507 3456 ponat,
579 3371 906 3436 dimidium
972 3376 1183 3451 nostre
1252 3390 1498 3452 camere
1559 3377 1621 3435 et
1676 3368 2003 3435 dimidium
2059 3373 2179 3453 ipei
2239 3373 2519 3449 ecclesie.

280 3478 487 3564 Hujus
534 3478 797 3559 ecclesie
842 3483 1140 3558 renovate
1187 3477 1458 3543 libertati
1504 3483 1565 3542 et
1596 3477 1929 3561 privilegio
1962 3481 2239 3561 preeunt-i
2275 3501 2311 3541 ει
2343 3477 2523 3541 nuliis

282 3585 649 3650 confirmato
683 3583 907 3664 idonee
938 3603 1207 3667 persone
1238 3590 1563 3668 presentes
1595 3584 1800 3648 fuere:
1855 3582 2231 3649 Adelliertue
2267 3585 2519 3665 Magnu-

279 3692 449 3756 tinus
494 3691 1029 3774 archiepiscopuS‚
1079 3691 1398 3756 Arnoldus
1431 3690 1750 3775 Spirensis
1783 3689 2135 3773 episcupue,
2191 3669 2519 3753 &dalfinus

279 3797 797 3863 Constanciensis
845 3798 1202 3880 episcopus,
1253 3798 1611 3882 Stephanus
1644 3796 1946 3861 Metensis
1995 3797 2351 3881 epifflmpue,
2403 3797 2519 3857 Rc-

280 3903 491 3969 dolfus
520 3903 837 3987 Augensis
885 3903 1100 3986 abbaS‚
1149 3903 1567 3987 Manegoldus
1618 3903 1815 3967 abbas
1864 3901 1944 3979 de
1975 3905 2035 3969 ὃ.
2079 3905 2279 3985 (mlle,
2335 3881 2519 3965 &ilal-

278 4010 449 4076 ricus
496 3991 1098 4094 Vuldensis'“abbaS‚
1155 4012 1489 4076 Bertoldus
1534 4009 1962 4076 Morbacensis
2015 4013 2227 4089 abbae,
2283 4009 2517 4093 &ymen

280 4115 430 4200 dux,
478 4116 881 4182 Gothefridus
914 4118 1230 4201 palatinus
1264 4138 1492 4199 comes,
1534 4116 1906 4183 chonradus
1947 4117 2111 4181 filius
2159 4117 2335 4181 [lunis
2375 4117 2519 4181 Ber—

280 4223 501 4307 tholdi,
534 4224 958 4289 Herimannus
988 4223 1287 4307 marchiO,
1327 4222 1716 4307 Reginoldus
1751 4242 1979 4305 comes,
2035 4225 2251 4289 Fen-ue
2287 4245 2515 4305 eunies,

282 4330 556 4395 Gerloch
614 4351 855 4415 comes,
918 4330 1281 4413 sigebertus
1337 4350 1548 4397 comes
1601 4336 1664 4395 et
1719 4330 1914 4396 frater
1971 4333 2103 4413 ejus
2159 4331 2519 4397 Fridericue

280 4456 494 4502 comes
541 4442 603 4502 et
648 4439 755 4501 alii
802 4438 1223 4522 quamplures,
