3209 5434
1404 391 1488 454 41

327 549 620 613 abbatiae
689 547 1032 612 advocatus
1099 549 1332 614 habeat
1400 569 1541 614 cum
1613 549 1943 623 duodecim
2008 551 2567 616 sacramentalibus

318 655 464 740 jure
500 654 776 740 jurando
821 654 1090 738 firmare,
1141 655 1310 738 quod
1355 656 1466 720 illo
1515 656 1647 738 die,
1699 676 1822 740 quo
1868 657 2006 740 ipse
2053 658 2286 738 cartule
2326 657 2568 742 perdite

326 763 600 845 fuerunt,
662 762 1098 827 investituram
1155 763 1416 827 haberet
1461 763 1717 828 abbatia
1766 763 1845 827 de
1890 764 2105 846 rebus,
2171 784 2327 847 quas
2376 741 2569 829 conti-

329 871 579 952 nebant,
631 859 700 934 et'
735 869 827 932 ita
872 889 940 933 se
987 868 1287 933 defendat
1332 869 1679 934 secundum
1724 869 1931 952 legem
1978 869 2062 934 ad
2092 876 2337 955 partem
2368 870 2566 955 ipsius

328 976 712 1059 monasterii,
746 995 824 1040 ac
855 975 910 1039 si
942 975 1202 1040 easdem
1229 976 1296 1040 in
1326 976 1647 1061 presentia
1676 976 1937 1041 haberet
1967 978 2257 1060 cartulas,
2294 978 2569 1042 omnium

326 1085 648 1149 hominum
691 1082 1188 1148 contradictione
1217 1083 1649 1166 inquietudine
1688 1088 1877 1166 atque
1917 1085 2352 1150 molestatione
2396 1083 2569 1169 peni·

328 1197 428 1256 tus
459 1196 716 1256 remota.
768 1189 1102 1255 Sancimus
1149 1191 1354 1273 etiam,
1404 1197 1471 1254 ut
1517 1189 1597 1255 de
1638 1191 1781 1274 ipsa
1826 1191 2080 1256 abbatia
2122 1194 2224 1257 vel
2268 1191 2569 1276 predictis

329 1298 617 1362 omnibus
661 1297 822 1362 locis
867 1317 1073 1380 neque
1115 1297 1260 1380 dux,
1309 1317 1512 1380 neque
1541 1297 1839 1379 marchi0,
1891 1318 2095 1381 neque
2126 1318 2336 1363 comes
2368 1318 2571 1382 neque

329 1404 532 1490 major
577 1405 852 1487 quelibet
897 1406 998 1469 vel
1045 1405 1248 1469 minor
1291 1399 1568 1489 persona
1611 1403 1858 1469 fodrum
1918 1405 2131 1487 exigat
2185 1412 2291 1469 aut
2334 1405 2569 1471 violen-

327 1512 482 1576 tiam
511 1512 614 1576 vel
641 1511 994 1576 molestiam
1025 1511 1302 1594 aliquam
1330 1510 1538 1575 faciat.
1588 1510 1850 1591 Decime
1892 1517 1954 1576 et
1980 1512 2263 1596 ipsorum
2291 1514 2567 1577 locorum

330 1617 615 1683 districta
670 1617 754 1682 ad
807 1618 1016 1703 ipsam
1072 1617 1388 1682 abbatiam
1444 1637 1560 1701 per
1610 1617 1797 1703 hujus
1854 1624 2107 1683 nostrae
2151 1617 2569 1700 munificentie

331 1731 698 1810 preceptum
742 1725 809 1789 in
854 1731 1224 1810 perpetuum
1269 1725 1655 1810 pertineant,
1716 1730 2021 1808 quatenus
2069 1731 2131 1790 et
2174 1726 2385 1809 nobis,
2447 1726 2569 1792 hoc

332 1832 844 1897 confirmantibus
912 1838 1306 1917 preceptum,
1379 1838 1440 1897 et
1507 1831 1793 1916 predicto
1854 1831 2334 1917 archiepiscopo
2390 1833 2569 1898 Heri-

330 1939 505 2004 berto
521 1989 538 2022 ,
605 1938 892 2024 ejusdem
945 1939 1192 2020 abbatie
1251 1938 1625 2023 edificatori,
1685 1945 2087 2024 peccatorum
2143 1940 2225 2004 sit
2282 1939 2568 2005 remissio

334 2051 398 2111 et
443 2046 826 2132 sempiterna
871 2045 1209 2110 retributio.
1291 2045 1362 2110 Si
1409 2046 1575 2128 quiS,
1644 2045 1814 2128 quod
1869 2046 2057 2128 absit,
2116 2046 2357 2111 nefario
2411 2065 2568 2111 ausu

330 2153 454 2217 hoc
499 2159 710 2234 nostre
743 2152 1234 2218 confirmationis
1279 2157 1645 2236 preceptum
1690 2151 2035 2234 violaverit,
2087 2158 2336 2217 centum
2373 2153 2567 2217 libras

335 2260 474 2324 auri
530 2260 748 2344 optimi
804 2279 876 2325 se
933 2259 1420 2343 compositurum
1478 2277 1622 2322 esse
1678 2261 1902 2343 procul
1958 2259 2147 2324 dubio
2204 2264 2565 2342 cognoscat,

333 2366 732 2431 medietatem
798 2366 1057 2446 kamere
1117 2370 1354 2448 nostre,
1427 2365 1828 2432 medietatem
1896 2366 2159 2447 abbatie.
2254 2365 2438 2444 Quod
2502 2373 2571 2430 ut

331 2474 542 2570 verius
590 2472 883 2538 credatur
903 2472 1414 2556 diligentiusque
1459 2474 1539 2538 ab
1586 2473 1873 2538 omnibus
1930 2474 2318 2556 observetur,
2378 2493 2571 2538 manu

331 2563 591 2664 propria
636 2554 1170 2647 subterfirmantes
1207 2579 1399 2662 sigilli
1433 2579 1632 2644 nostri
1678 2579 2109 2664 impressione,
2160 2586 2371 2660 nostre
2416 2581 2569 2644 ima-

298 2686 498 2770 ·ginis
543 2686 810 2770 figuram
858 2686 1253 2768 continentis,
1301 2685 1458 2750 illud
1503 2686 1795 2768 insigniri
1836 2686 2251 2771 precepimus.

653 2828 914 2911 Signum
961 2827 1176 2892 domni
1221 2826 1581 2892 Ohuonradi
1628 2823 1747 2910 (M)
1796 2829 2181 2894 serenissimi
2227 2829 2418 2913 regis

651 2937 838 3018 Hugo
895 2934 1309 3000 cancellarius
1365 2933 1449 2998 ad
1502 2935 1707 3000 vicem
1766 2935 1981 3000 domni
2024 2935 2321 3001 Aribonis
2368 2935 2569 3010 archi-

759 3041 1043 3127 episcopi
1090 3047 1151 3106 et
1197 3022 1747 3139 archiearssellarii:
1784 3043 2166 3126 recognovit.
2190 3039 2222 3063 '²

330 3184 502 3248 Data
545 3204 711 3248 anno
741 3183 1196 3249 incarnationis
1240 3182 1594 3248 dominicae
1626 3185 1929 3266 MXXVI,
1960 3183 2224 3249 decimo
2254 3182 2566 3248 kalendas

331 3290 570 3374 aprilis,
619 3290 964 3355 indictione
993 3290 1200 3372 VIIII,
1250 3309 1417 3354 anno
1464 3290 1644 3374 regni
1686 3290 1900 3356 domni
1932 3290 2252 3358 Chonradi
2281 3290 2449 3374 regis
2480 3290 2563 3354 II.

331 3397 560 3462 Actum
604 3396 964 3463 Mediolani.
1037 3396 1333 3461 Feliciter
1378 3416 1580 3461 amen.

425 3571 494 3618 Ex
524 3572 802 3632 autographo
833 3573 884 3618 in
914 3571 1116 3618 archivio
1141 3571 1189 3618 S.
1203 3572 1370 3618 Fedele
1393 3571 1724 3618 Mediolanensi
1754 3572 2002 3632 descripsit
2030 3585 2295 3631 mecumque
2322 3572 2567 3618 communi-

519 3653 639 3697 cavit
667 3651 722 3697 R.
743 3652 944 3712 Kiepert.
1001 3651 1146 3709 Sigilli
1188 3665 1379 3711 parvum
1420 3653 1631 3710 superest
1669 3651 1982 3710 fragmentum.
2047 3650 2205 3697 Edidit
2232 3650 2467 3706 Puricelli,
2509 3650 2566 3696 de

519 3730 624 3776 scis.
646 3733 828 3790 martyr.
852 3731 1038 3777 Arialdo
1072 3732 1118 3776 et
1147 3730 1461 3777 Herlemberto
1491 3743 1538 3789 p.
1560 3731 1651 3776 42⁷
1685 3731 1814 3788 cnjus
1846 3731 2093 3777 editionem
2124 3730 2338 3790 repetivit
2358 3728 2567 3784 Βὸῑιιιιοτ,

517 3809 633 3855 Acta
661 3810 769 3870 imp.
790 3813 867 3857 42.
904 3835 953 3843 —
996 3810 1181 3871 Stumpf
1205 3809 1294 3857 No.
1315 3811 1452 3857 1913.
1501 3809 1731 3866 Bresslau,
1762 3809 1950 3857 Kanzlei
1978 3809 2185 3857 Kontads
2207 3809 2265 3865 11,
2294 3809 2349 3855 R.
2368 3810 2444 3856 53.

600 4011 608 4019 .
633 3999 646 4018 ³
817 4008 825 4016 .
945 4011 953 4018 .
1029 4007 1036 4018 .
1387 3996 1398 4012 r
1482 3992 1496 4008 ι
1547 3993 1554 4010 1
1742 4010 1749 4018 .
1791 3992 1801 4004 =
1974 3991 1982 4002 ·
2067 3993 2086 4010 ι
2372 3993 2381 4011 ι
2544 3981 2561 4040 3

493 4017 527 4054 (l
601 4031 730 4056 ''fier-lvx
757 4019 908 4050 ι’.κκ”ι·
971 4039 980 4045 ’
1033 4006 1140 4062 q51*N{
1170 4009 1294 4056 §.s-lfxl
1339 4019 1428 4046 ,¹⁴'·=
1472 4030 1492 4040 θ’
1517 4027 1522 4034 ’
1555 4029 1562 4036 “
1627 4028 1635 4037 ¹
1660 4027 1666 4037 ι
1714 4025 1721 4032 ⁹
1990 4018 2193 4046 ,=3‹..,⁴Q⁸⁶
2240 4021 2313 4031 Q*k·
2363 4021 2397 4059 ,r-
2456 4019 2480 4032 ν
2526 4025 2533 4033 ἱ

743 4096 749 4108 u
1329 4100 1336 4108 ι
1478 4087 1482 4098 “

519 4128 582 4146 -Ὗῖι
589 4093 669 4140 '⁸1⁴'-
683 4131 702 4140 n
739 4105 764 4143 ίιι
805 4103 820 4142 ᾗ..
831 4107 846 4145 ,Ι
1016 4131 1058 4142 nr»-
1093 4109 1148 4148 1'03
1163 4100 1180 4136 ὗ
1202 4093 1254 4138 ‘ll‘
1279 4096 1288 4114 x
1341 4114 1353 4130 ‘
1411 4123 1416 4131 ’
1465 4121 1474 4130 '
