3209 5434
227 5195 247 5384 που-,ιμ’

1370 526 1493 591 101

308 682 460 748 dicti
506 703 691 767 reges
739 684 874 750 sive
920 684 1331 768 imperatores
1379 686 1768 751 auctoritatis
1817 707 1927 769 sue
1972 689 2323 773 praeceptis
2371 713 2547 773 prae-

304 789 438 875 fate'
491 790 755 872 ecclesie
811 791 1207 875 praesulibus
1268 792 1751 866 concessissent,
1790 800 1851 858 et
1911 795 2411 874 confirmassfflt,
2483 805 2551 857 ut

304 898 515 963 nullus
562 897 708 980 dux,
758 917 970 972 comes
1018 899 1120 963 vel
1165 898 1520 964 vicecomes
1566 900 1670 965 vel
1700 901 1832 965 ulla
1875 902 2149 983 qualibet
2167 900 2547 986 juridicialis

303 1024 580 1089 persona
637 1003 919 1089 ejusdem
977 1005 1242 1086 ecclesie
1300 1026 1516 1071 servos
1573 1007 1675 1071 vel
1721 1007 1985 1073 Sclavos
2033 1008 2167 1073 sive
2211 1009 2539 1093 pai-nehus,

305 1130 462 1195 quos
507 1110 841 1193 bar'gildon
901 1110 1145 1194 dicunt,
1210 1132 1321 1177 seu
1369 1112 1688 1197 Saxones,
1752 1134 1908 1197 quos
1954 1114 2387 1197 Nordelbingu.
2443 1137 2543 1181 ru-

303 1223 479 1300 cant,
544 1217 679 1282 sive
726 1223 967 1299 ceteros
1016 1220 1269 1283 accolas
1326 1239 1441 1303 pro
1488 1207 1703 1285 liberis
1749 1220 2105 1287 hominibus
2152 1223 2216 1287 in
2263 1225 2543 1305 eiusdem

305 1324 573 1405 ecclesie
617 1323 897 1409 praediis
944 1332 1271 1390 manentes
1285 1376 1303 1409 ,
1354 1326 1461 1408 qui
1509 1346 1579 1391 se
1624 1328 1726 1391 vel
1774 1347 1890 1392 sua
1933 1329 2190 1393 novalia
2235 1349 2311 1393 ezr
2363 1329 2543 1393 viridi

304 1432 469 1497 silva
513 1430 685 1495 facta
728 1431 794 1495 in
830 1429 939 1515 jus
988 1438 1049 1496 et
1093 1433 1159 1496 in
1206 1431 1504 1497 ditionem
1562 1433 1884 1518 praedicte
1934 1429 2307 1518 [ecclesie¹)]‘
2359 1437 2543 1497 trudi-

300 1537 546 1603 dissent
590 1538 693 1603 vel
738 1537 947 1603 adhuc
992 1537 1240 1604 tradere
1284 1540 1545 1621 vellent,
1608 1539 1692 1605 ad
1739 1561 1966 1607 causas
2014 1541 2395 1607 audiendum
2443 1545 2543 1617 re]

298 1643 481 1710 freda
525 1644 904 1728 exigendum
953 1652 1060 1710 aut
1104 1633 1484 1711 mansiones
1512 1648 1616 1712 vel
1651 1654 1909 1731 paratas
1940 1647 2295 1714 faciendum
2331 1653 2427 1713 vul
2463 1649 2539 1713 al]

300 1752 393 1817 eis
461 1753 653 1817 ullam
723 1751 1160 1817 redibitionem
1229 1752 1669 1835 requirendum
1739 1756 1841 1821 vel
1907 1755 1991 1820 ad
2059 1751 2311 1839 aliquod
2383 1777 2543 1837 spus

300 1859 554 1926 omnino
603 1858 1103 1943 distringendum
1152 1861 1280 1924 ullo
1325 1880 1620 1943 umquam
1667 1862 1808 1926 loco
1839 1863 1942 1927 vel
1985 1868 2267 1946 tempore
2315 1865 2543 1925 audeat

297 1986 718 2051 praesumere.
790 1965 978 2033 Unde
1026 1966 1214 2032 etiam
1260 1966 1428 2033 idem
1473 1968 1853 2033 venerabilis
1899 1969 2182 2053 pontifex
2225 1969 2539 2033 Ariadnes-o

298 2079 511 2155 nostre
557 2072 971 2138 dominationi
1017 2074 1415 2159 supplicavit,
1466 2074 1760 2157 quatinus
1808 2080 1870 2139 et
1913 2095 2031 2140 nos
2077 2077 2399 2159 praedicta
2411 2097 2471 2137 ru
2483 2097 2539 2137 111

297 2201 503 2248 rerum
560 2180 913 2246 defensioni
930 2173 981 2263 ²)
1038 2182 1153 2246 sub
1209 2188 1420 2264 nostre
1474 2181 1862 2247 inmunitatis
1920 2182 2379 2266 susciperemus
2427 2185 2539 2245 tui-

296 2289 549 2355 tionem.
624 2287 817 2373 Cujus
864 2287 1240 2371 peticionem
1284 2295 1495 2371 nostre
1541 2289 1896 2356 serenitatis
1928 2310 2079 2355 aure
2110 2289 2371 2354 libenter
2403 2313 2539 2373 pcr-

297 2396 579 2480 cepimus
638 2401 699 2460 et
754 2395 833 2459 ob
892 2395 1306 2462 interventum
1362 2403 1574 2478 nostre
1634 2397 1861 2478 dilecte
1930 2396 2217 2482 conjugis
2275 2397 2539 2477 Agnetis

294 2502 711 2588 imperatricis
758 2508 1023 2584 auguste
1077 2503 1243 2569 hanc
1296 2510 1578 2570 nostram
1622 2505 2072 2569 immunitatem
2120 2504 2287 2569 circ-u
2335 2505 2535 2585 ‘ipsium

296 2609 514 2676 sedem
560 2608 820 2693 ejusque
865 2610 1182 2693 praelatos
1228 2611 1540 2676 conscribi
1570 2611 2027 2694 mandavimus,
2077 2611 2144 2675 in
2192 2631 2311 2693 qua
2363 2633 2535 2693 pruc-

296 2717 577 2801 cepimus
620 2716 1100 2799 firmissimeque
1136 2716 1471 2802 jussimus,
1536 2717 1831 2800 quatinus
1886 2724 2114 2783 cuncta
2166 2717 2247 2782 ad
2295 2717 2535 2801 pranser-

293 2831 424 2889 tam
471 2823 803 2905 ecclesiam
847 2825 1227 2908 pertinentia
1279 2826 1346 2890 in
1393 2826 1593 2909 agris,
1654 2826 1942 2910 pascuis,
2004 2825 2295 2909 edificiis,
2355 2825 2535 2889 nsi-ris

295 2932 478 2996 cultis
511 2937 572 2996 et
600 2930 869 3014 incultis,
921 2950 1034 2995 seu
1064 2930 1130 2994 in
1161 2931 1537 3016 hominibuS‚
1589 2932 1808 3017 serviS,
1845 2932 2108 3014 Sclavis,
2158 2932 2531 3013 Sam-minus,

293 3037 609 3124 parochiS‚
658 3039 761 3103 vel
807 3038 1029 3118 ceteris
1078 3039 1333 3122 accoliS‚
1384 3039 1491 3122 qui
1538 3060 1607 3104 se
1653 3040 1829 3122 ipsos
1876 3058 2102 3122 resque
2135 3057 2283 3103 suas
2331 3037 2535 3101 cidi-ui

296 3145 560 3227 ecclesie
615 3145 825 3228 aliquo
884 3144 1073 3209 modo
1118 3146 1557 3229 manciparunt
1599 3146 1704 3211 vel
1765 3144 1972 3209 adhuc
2016 3144 2379 3225 mancipum,ss
2431 3165 2529 3209 rai-2

292 3252 446 3336 lunt,
486 3251 930 3337 cujuscumque
962 3252 1088 3316 sint
1116 3235 1391 3318 nationis
1424 3252 1682 3337 cujusve
1714 3243 2110 3334 conditionis,
2145 3271 2531 3334 quorurmlun

283 3360 430 3446 jure
475 3359 685 3425 vivere
732 3358 1029 3443 debeant,
1097 3365 1231 3424 tuta
1276 3366 1337 3424 et
1381 3359 1714 3425 indefensa
1729 3353 1781 3443 ⁸)
1828 3360 1942 3424 sub
1989 3364 2207 3424 nostra
2251 3357 2531 3421 inminui-

293 3474 423 3533 tate
480 3467 668 3532 liceat
728 3466 866 3532 sine
935 3466 1105 3531 omni
1161 3465 1589 3549 inquietudine
1645 3487 2017 3551 permanere
2084 3485 2202 3532 nec
2271 3469 2531 3545 qnisspm

295 3594 507 3641 comes
553 3573 656 3638 vel
712 3573 873 3638 alius
931 3573 1070 3656 quis
1128 3573 1416 3657 publicus
1464 3572 1668 3657 judex
1723 3580 1937 3639 noster
1996 3574 2062 3637 in
2107 3573 2239 3637 ulla
2287 3573 2531 3653 prunus

292 3703 363 3749 re
417 3679 699 3766 praefat-e
756 3679 1020 3762 ecclesie
1074 3680 1361 3745 homines
1418 3681 1519 3745 vel
1574 3700 1676 3745 res
1747 3679 1979 3745 audeat
2043 3679 2172 3743 ullo
2239 3701 2527 3761 uniquam

291 3798 575 3874 tempore
620 3786 995 3869 distringere
1040 3788 1143 3852 vel
1188 3786 1536 3869 inquietare
1582 3787 1687 3851 vel
1719 3788 1995 3869 aliquam
2025 3791 2395 3870 potestatum
2435 3789 2527 3849 rel

284 3894 786 3985 jurisdictionem
831 3893 895 3957 in
944 3898 1074 3958 toto
1122 3892 1354 3960 ducatu
1400 3895 1500 3959 vel
1544 3893 1612 3958 in
1657 3894 1943 3958 omnibus
1990 3892 2283 3958 comeciis
2331 3893 2527 3953 orion—

288 4004 436 4072 talis
491 4000 758 4080 Francie
816 3999 942 4078 nisi
998 4019 1186 4084 super
1241 4000 1554 4084 parochos
1566 4050 1583 4083 ‚
1658 4019 1815 4082 quos
1881 3998 2216 4082 bargildon
2283 4005 2523 4081 rur-ant,

291 4132 617 4180 exercere:
682 4105 852 4191 quod
910 4105 995 4171 ad
1051 4106 1353 4171 honorem
1407 4106 1862 4192 preciosissimi
1919 4106 2212 4191 martyris
2271 4105 2527 4189 Effliani

468 4352 512 4417 ι)
560 4348 733 4405 verba
778 4350 935 4405 uncis
980 4351 1192 4407 inclusa
1239 4350 1441 4405 desunt
1484 4350 1542 4405 in
1579 4354 1692 4406 aut.
1832 4350 1877 4419 ²)
1928 4350 2026 4405 sic.
2063 4349 2098 4405 l.
2137 4349 2527 4405 defensionum.

287 4440 332 4506 ³)
371 4440 467 4495 sic.
503 4440 538 4495 1.
576 4436 821 4495 defensa.
