3209 5434
1769 544 1849 604 lt]

691 704 762 772 8.
851 696 1016 772 Otto
1087 696 1139 771 Ι.
1223 700 1645 772 monasterii
1718 696 2157 772 Gamundias
2239 700 2392 772 sive
2475 696 2917 772 Horunbach

846 819 1184 914 ingenuis
1237 821 1684 912 hominibuS‚
1742 821 1868 918 qui
1923 825 2078 917 ejus
2131 826 2398 895 terram
2453 826 2726 911 tenent,
2783 821 2915 894 im-

847 943 1264 1018 munitatem
1318 943 1404 1019 ab
1449 945 1780 1020 omnibus
1820 945 2312 1020 exactionibus
2367 945 2468 1019 ita
2523 944 2912 1034 confirmat,

846 1071 928 1139 ut
981 1067 1222 1141 omnia
1273 1068 1450 1142 fisco
1489 1068 1836 1144 solvenda
1869 1068 2308 1143 monasterio
2365 1068 2509 1142 sint
2545 1090 2907 1143 concessa.

851 1192 1028 1264 950.
1085 1189 1248 1265 Jan.
1299 1197 1417 1267 18.
1490 1191 2008 1267 Basenvillare.

865 1346 932 1412 Ο.
993 1348 1069 1412 111
1127 1349 1378 1414 nomine
1434 1349 1672 1414 domini
1728 1349 1927 1414 nostri
1980 1349 2134 1414 Jesu
2188 1348 2421 1414 Christi
2477 1349 2599 1413 Dei
2657 1349 2908 1412 aeterni.

686 1451 830 1519 Otto
869 1453 1084 1518 divina
1112 1441 1376 1546 {flavente
1405 1455 1803 1541 providentia
1833 1476 1961 1520 rex.
2043 1455 2109 1520 Si
2158 1475 2312 1538 erga
2355 1456 2501 1519 loca
2545 1453 2757 1519 divino
2791 1455 2912 1518 cul·

684 1559 772 1622 tui
817 1561 1176 1644 mancipata
1221 1582 1334 1645 pro
1382 1562 1903 1645 oportunitatibus
1948 1580 2271 1626 servorum
2313 1561 2436 1624 Dei
2492 1560 2724 1624 ibidem
2770 1580 2912 1624 con-

685 1665 1035 1730 sistentium
1093 1667 1400 1731 beneficia
1442 1668 1472 1743 11
1514 1686 1795 1750 congrua
1863 1667 2000 1732 sine
2068 1666 2258 1755 dubio
2328 1665 2729 1731 concedimus
2741 1716 2759 1748 ,
2829 1665 2913 1729 ad

683 1776 892 1852 eterne
949 1772 1350 1836 beatitudinis
1397 1773 1642 1855 premia
1686 1772 2080 1856 capessenda
2137 1773 2290 1837 talia
2332 1770 2502 1836 facta
2546 1771 2727 1836 nobis
2771 1790 2914 1854 pro-
2937 1776 2977 1826 5

682 1875 870 1942 ficere
893 1897 1019 1941 non
1055 1877 1416 1943 diffidimus.
1466 1879 1665 1960 Igitur
1700 1879 2044 1962 comperiat
2067 1879 2342 1945 omnium
2365 1878 2641 1943 fidelium
2673 1883 2912 1942 nostro-

683 2003 818 2047 rum
865 1985 1248 2067 presentium
1296 1983 1536 2048 scilicet
1562 1990 1643 2049 ‚et
1687 1983 2033 2048 futurorum
2066 1984 2363 2066 sollertia,
2414 1984 2563 2066 quia
2605 1983 2701 2048 vir
2729 2003 2913 2047 vene-

596 2125 609 2143 ι
680 2089 898 2154 rabilis
947 2089 1311 2173 RodwiguS‚
1363 2090 1526 2155 abba
1572 2110 1652 2154 ex
1698 2091 2078 2154 monasterio
2112 2089 2520 2171 Gamundias,
2572 2087 2741 2170 quod
2786 2088 2913 2151 alio

536 2165 566 2201 r
681 2195 932 2260 nomine
976 2196 1358 2260 Horunbach
1406 2172 1814 2280 appellaturs'
1835 2201 2255 2284 constructum
2300 2195 2366 2258 in
2411 2195 2649 2259 honore
2695 2199 2912 2273 sancte

680 2300 803 2365 Dei
860 2301 1181 2382 genitricis
1239 2302 1436 2382 Marie
1493 2303 1819 2383 sanctique
1875 2302 2044 2365 Petri
2099 2301 2403 2384 principis
2458 2301 2905 2384 apostolorum,
2927 2323 2956 2357 ιι

680 2406 940 2470 veniens
988 2405 1072 2469 ad
1115 2426 1234 2471 nos
1266 2406 1487 2472 detulit
1530 2407 1715 2470 nobis
1762 2413 2125 2490 preceptum
2156 2412 2624 2471 antecessorum
2669 2412 2912 2471 nostro-

679 2532 816 2576 rum
863 2532 1081 2595 regum
1126 2511 1408 2576 Lotharii
1467 2517 1528 2576 et
1573 2513 1813 2577 Karoli.
1893 2513 1968 2576 In
2028 2531 2152 2593 quo
2200 2512 2542 2594 reperimus
2567 2512 2908 2592 insertum,

680 2618 947 2701 qualiter
1005 2618 1095 2682 illi
1155 2617 1423 2702 eundem
1468 2620 1677 2683 locum
1745 2623 2004 2702 propter
2074 2616 2354 2682 divinum
2408 2616 2915 2698 frequentassent

679 2744 955 2789 amorem
1001 2729 1062 2788 et
1105 2695 1495 2818 fasdilia-fflter
1541 2725 2095 2806 congregationem
2128 2724 2241 2786 sub
2273 2723 2547 2805 regulari
2576 2723 2792 2786 habitu
2819 2699 3046 2807 ibi-Qu„

679 2828 1012 2912 degentem
1071 2829 1290 2892 intimo
1347 2828 1556 2893 cordis
1616 2848 1828 2893 amore
1887 2828 2286 2910 dilexissent,
2336 2829 2438 2893 vel
2485 2828 2796 2911 quomodo
2840 2828 2911 2891 in
2946 2840 2983 2878 ¹<

679 2954 891 3000 eorum
939 2935 1346 2999 elemosinam
1390 2934 1677 2999 homines
1709 2935 2037 3016 ingenuos,
2090 2934 2197 3015 qui
2240 2953 2433 3017 supra
2460 2940 2662 2998 terras
2706 2934 2910 3018 ipsius

676 3041 1040 3106 monasterii
1071 3041 1547 3122 conmanebant‚
1597 3041 1703 3122 qui
1732 3039 1913 3104 freda
1958 3044 2065 3103 aut
2094 3039 2325 3103 tributa
2355 3047 2462 3103 aut
2506 3059 2765 3104 censum
2795 3058 2912 3104 seu

676 3147 1087 3212 heribannum
1143 3152 1251 3211 aut
1308 3146 1520 3228 aliqua
1575 3151 1803 3210 exacta
1863 3145 1966 3210 vel
2022 3164 2447 3227 quascumque
2501 3144 2908 3209 redibitiones

677 3253 761 3318 ad
805 3260 1047 3336 partem
1102 3252 1240 3317 fisci
1301 3253 1665 3335 persolvere
1712 3250 2090 3332 debuerant,
2141 3250 2223 3315 ad
2270 3250 2687 3314 restauranda
2731 3250 2908 3315 lumi-

676 3359 854 3422 naria
909 3357 1137 3441 prefati
1194 3357 1556 3421 monasterii
1615 3357 1764 3421 illuc
1811 3357 2293 3420 concessissent.
2373 3357 2765 3439 Deprecatus
2811 3361 2908 3419 est
2939 3367 2980 3416 22

674 3481 944 3544 namque
999 3481 1116 3526 nos
1172 3460 1490 3545 predictus
1538 3462 1767 3543 abbas,
1828 3467 1896 3524 ut
1956 3481 2071 3545 pro
2139 3461 2448 3527 mercedis
2494 3468 2705 3542 nostre
2763 3480 2907 3524 auc-

674 3573 882 3632 mento
898 3562 946 3649 ¹)
978 3566 1184 3632 denuo
1232 3566 1352 3632 hoc
1398 3573 1606 3647 nostre
1639 3567 2023 3659 auctoritatis
2058 3573 2357 3651 precepto
2386 3540 2902 3659 renovar[e{nus].

673 3673 829 3757 Ejus
889 3692 1137 3755 quoque
1193 3674 1556 3756 petitionem
1602 3673 1874 3756 benigne
1930 3673 2363 3755 suscipienteS,
2403 3672 2713 3756 jussimus
2760 3671 2907 3735 inde

676 3778 800 3843 hoc
845 3798 1108 3862 presens
1156 3784 1520 3862 preceptum
1567 3779 1898 3860 conscribi,
1949 3799 2063 3862 per
2109 3777 2278 3861 quod
2308 3779 2592 3843 volumus
2624 3777 2905 3842 firmiter-

674 3903 797 3966 que
831 3882 1146 3966 jubemus‚
1196 3888 1264 3947 ut
1307 3884 1516 3948 nullus
1560 3884 1763 3968 judex
1794 3884 2082 3967 publicus
2127 3885 2319 3949 ullam
2365 3903 2553 3967 super
2598 3883 2903 3965 ingenuos
2952 3890 2998 3937 Δί

672 3989 979 4072 homines,
1031 3989 1136 4072 qui
1167 3995 1422 4055 teneant
1452 3980 1641 4072 atque
1671 3967 2042 4085 posssidea-lpt
2070 3995 2299 4054 terram
2329 3989 2663 4073 prescripti
2690 4008 2903 4053 mona·

675 4096 849 4161 sterii
872 4101 1168 4160 exerceat
1197 4101 1572 4179 potestatem
1602 4095 1688 4160 ad
1719 4095 1978 4178 aliquod
2009 4094 2479 4178 constringendi
2511 4100 2619 4159 aut
2648 4114 2905 4159 censum

671 4200 775 4265 vel
819 4201 1003 4266 freda
1047 4207 1155 4266 aut
1207 4201 1439 4267 tributa
1495 4221 1611 4266 seu
1665 4201 2079 4266 heribannum
2124 4207 2231 4265 aut
2276 4201 2489 4283 aliqua
2534 4205 2761 4265 exacta
2804 4201 2908 4266 vel

847 4407 890 4471 ¹)
926 4404 1022 4464 sie.
