3209 5434
1734 544 1862 612 172

676 702 906 769 exinde
931 705 1206 788 aliquam
1232 705 1657 771 vendicabant
1680 710 1955 789 partem3
1990 704 2350 770 abbatissae
2369 702 2476 789 jus
2502 701 2931 780 constituendi

677 810 988 895 advocati,
1041 813 1362 877 sororibus
1398 812 1508 898 jus
1543 812 1875 896 eligendae
1910 813 2269 877 abbatissae
2301 812 2605 876 concedit.
2656 845 2746 855 —
2789 809 2931 875 Hil-

676 917 968 983 diboldus
1039 919 1458 983 cancellarius
1527 918 1815 985 advicem
1884 920 2179 1003 Willigisi
2248 918 2763 1003 archicapellani.
2833 951 2935 961 -—

672 1025 898 1090 Actum
944 1023 1300 1089 Botfeldon.

851 1184 1150 1249 Nostrum
1208 1183 1682 1250 Heinricianum
1744 1184 2027 1269 diploma
2081 1187 2198 1252 No.
2246 1185 2328 1250 21
2391 1205 2471 1249 ex
2528 1183 2777 1249 Ottonis
2834 1184 2932 1248 Π.

673 1288 894 1354 charta
939 1296 1188 1375 praeter
1233 1291 1532 1355 omissam
1581 1312 1882 1375 arengam
1932 1299 1993 1356 et
2037 1298 2275 1356 mutata
2309 1291 2620 1374 quaedam
2664 1290 2732 1354 in
2778 1310 2939 1354 nar-

672 1397 916 1461 ratione
975 1396 1106 1461 fere
1160 1398 1536 1463 verbotenus
1600 1397 1985 1481 descriptum
2042 1405 2153 1463 est.
2234 1396 2710 1464 Observandum
2770 1415 2937 1461 vero

672 1509 769 1567 est
779 1553 795 1586 ,
861 1503 1251 1586 Heinricum,
1313 1504 1418 1569 ubi
1479 1504 1559 1569 de
1616 1502 1912 1587 eligendo
1960 1504 2269 1569 advocato
2317 1506 2448 1589 agit
2492 1505 2683 1569 verba
2736 1522 2937 1587 „con-

667 1609 1072 1674 laudantibus
1110 1604 1492 1691 sororibus“,
1543 1611 1651 1675 ubi
1685 1610 1764 1675 de
1797 1611 2093 1694 eligenda
2128 1613 2467 1694 abbatissa,
2520 1612 2935 1678 enunciatum

678 1716 1045 1799 „dumtaxat
1088 1736 1217 1780 non
1265 1716 1347 1779 sit
1391 1718 1594 1781 minor
1640 1738 1917 1801 persona
1964 1713 2305 1801 dignitate“
2360 1718 2703 1799 addidisse,
2759 1738 2937 1800 quae

671 1822 735 1885 in
783 1822 1128 1905 diplomate
1175 1822 1422 1888 Ottonis
1470 1845 1596 1888 non
1644 1823 1971 1890 habentur.
2045 1824 2221 1902 Quae
2267 1846 2369 1890 res
2416 1831 2631 1889 notatu
2677 1824 2937 1907 dignis-

670 1930 832 1994 sima
877 1935 1002 2012 est,
1055 1923 1299 2013 ‘quippe
1346 1950 1507 2011 quae
1554 1914 1782 2014 probet
1790 1981 1806 2013 ,
1866 1932 2231 1996 Heinricum
2288 1932 2621 2016 privilegia
2664 1932 2789 1996 sibi
2842 1930 2939 1995 ad

672 2036 1178 2101 confirmandum
1214 2036 1448 2100 tradita
1475 2058 1619 2101 ‘non
1669 2058 1919 2123 semper
1964 2038 2331 2121 simpliciter
2376 2058 2754 2119 renovasse,
2802 2037 2938 2103 sed

667 2163 1138 2226 nonnumquam
1207 2143 1554 2208 secundum
1620 2164 1791 2226 eam,
1871 2164 2063 2226 quam
2128 2144 2194 2208 in
2271 2143 2777 2209 administranda
2860 2166 2939 2211 re

668 2250 922 2335 publica
968 2252 1344 2332 sequebatur
1388 2252 1715 2333 rationem,
1764 2251 2124 2315 mutavisse.
2158 2285 2248 2295 —
2278 2253 2353 2315 In
2400 2252 2587 2315 laeva
2630 2251 2939 2333 margine

667 2356 964 2421 inferiore
1033 2356 1395 2439 diplomatis
1465 2356 1590 2421 duo
1657 2358 1969 2423 vocabula
2026 2346 2357 2422 Griselbret.
2414 2358 2635 2422 Herolt
2692 2358 2936 2423 eadem

666 2483 858 2527 manu
903 2482 1030 2545 qua
1075 2470 1270 2528 totum
1317 2464 1598 2547 diploma
1643 2463 1881 2547 scripta
1926 2471 2087 2547 sunt,
2147 2485 2309 2548 quae
2356 2464 2508 2547 quid
2548 2464 2672 2529 sibi
2720 2465 2938 2537 velint

665 2556 766 2635 me
811 2570 1105 2653 ignorare
1148 2570 1365 2635 fateor.
1694 2558 1711 2573 ’

841 2729 941 2792 Ex
987 2729 1108 2793 hoc
1155 2735 1342 2811 atquc
1402 2749 1480 2793 ex
1537 2730 1737 2794 altero
1784 2729 2057 2811 genuino
2105 2730 2388 2795 Heinrici
2434 2731 2516 2795 11.
2569 2730 2935 2813 diplomate

664 2830 768 2918 (N.
806 2835 890 2900 25
937 2841 1192 2899 nostrae
1225 2830 1643 2919 collectionis)
1687 2835 1983 2900 falsarius
2030 2836 2287 2918 quidam
2318 2839 2571 2902 saeculo
2602 2838 2738 2901 XII
2769 2858 2933 2922 spu·

666 2943 826 3007 rium
884 2942 1054 3032 quod
1113 2941 1232 3006 edo
1293 2941 1574 3025 diploma
1632 2943 1707 3007 N.
1746 2943 1832 3007 22
1892 2944 2258 3035 composuit.
2341 2945 2442 3008 Ex
2508 2943 2657 3028 dipl.
2710 2945 2787 3009 N.
2834 2946 2929 3009 25

665 3049 907 3113 titulum
965 3049 1389 3132 imperatoriS,
1459 3049 1940 3132 dispositionem
1996 3055 2219 3132 totam,
2286 3049 2614 3115 dimidium
2658 3072 2930 3117 versum

666 3156 1210 3238 corroborationiS,
1259 3156 1754 3238 recognitionem
1786 3156 2148 3220 cancellarii
2181 3156 2555 3241 desumpsit3
2607 3156 2725 3222 sed
2768 3178 2927 3223 cum

665 3268 852 3325 notae
899 3262 1382 3345 chronologicae
1428 3263 1520 3327 illi
1569 3262 1824 3327 chartae
1884 3261 2179 3328 deessent
2224 3284 2365 3349 eas,
2424 3284 2582 3346 quas
2638 3266 2707 3329 in
2753 3264 2922 3350 dipl.

664 3369 740 3433 N.
778 3369 860 3431 21
909 3368 1176 3450 invenit,
1241 3370 1394 3433 satis
1454 3370 1640 3433 stulte
1698 3367 2052 3452 descripsit.
2126 3371 2442 3453 Arengam
2491 3392 2606 3436 suo
2652 3371 2925 3454 ingemo

667 3474 896 3539 debere
939 3474 1201 3539 videtur.
1287 3475 1616 3540 Scribendi
1662 3495 1812 3540 vero
1859 3496 1987 3539 non
2049 3478 2203 3541 satis
2258 3478 2375 3549 fuit
2430 3478 2700 3562 perituS,
2760 3500 2927 3545 nam

664 3601 1042 3664 quamquam
1089 3581 1302 3664 regiae
1349 3582 1770 3647 cancellariae
1829 3582 2170 3647 litterarum
2234 3584 2457 3650 ductus
2504 3585 2739 3649 imitari
2784 3592 2924 3651 stu-

664 3687 814 3770 duit,
863 3709 989 3752 non
1036 3708 1338 3772 prospere
1376 3708 1539 3770 quae
1573 3695 1837 3753 conatus
1871 3696 1967 3754 est
1997 3697 2349 3754 cesserunt:
2398 3698 2594 3756 totum
2626 3691 2926 3776 diploma

663 3814 791 3858 non
837 3794 903 3858 in
950 3794 1127 3877 regia
1175 3795 1557 3860 cancellaria
1588 3796 1891 3879 scriptum
1925 3816 2066 3861 esse
2096 3798 2299 3880 primo
2332 3798 2595 3881 quisque
2642 3808 2925 3884 aspectu

664 3901 1042 3984 exemplaris
1093 3902 1290 3984 spurii
1335 3901 1523 3966 videt.
1596 3904 1842 3967 Tamen
1896 3924 1998 3968 res
2044 3904 2188 3987 ipsa
2234 3925 2396 3986 quae
2442 3906 2653 3989 spurio
2705 3905 2926 3990 diplo-

660 4013 828 4071 mate
872 4013 1159 4071 narratur
1202 4007 1418 4072 forsan
1463 4009 1552 4073 ita
1597 4016 1781 4091 gesta
1828 4016 1939 4093 est,
1987 4030 2193 4092 neque
2222 4010 2589 4077 incredibile
2618 4013 2929 4080 estnihil

662 4114 784 4178 nisi
822 4114 1110 4179 Heinrici
1157 4115 1693 4181 confirmationem
1738 4115 1947 4181 fictam
1996 4136 2155 4182 esse.

840 4326 955 4391 No.
994 4328 1097 4391 23.
1170 4328 1272 4391 De
1316 4327 1437 4392 hoc
1484 4328 1828 4413 diplomate
1874 4329 1951 4394 cf.
2003 4350 2166 4412 quae
2213 4330 2367 4396 dicit
2407 4332 2666 4416 Hirsch,
2718 4334 2928 4400 Jahr-

665 4431 900 4511 bucber
929 4432 1262 4497 Heinrichs
1288 4434 1393 4516 IL,
1426 4436 1546 4499 vol.
1575 4436 1659 4519 II,
1694 4457 1754 4519 p.
1785 4437 1930 4501 294.
1982 4438 2158 4502 Haec
2188 4437 2635 4504 mundeburdis
2658 4439 2925 4527 charta,
