3209 5434
1366 507 1490 574 151

311 670 434 743 96.
521 664 822 742 Carolus
875 690 1180 764 magnus
1231 667 1673 744 monasterio
1728 666 2233 762 Haerulfisfelt‚
2290 668 2548 745 abbate

516 789 748 883 Lullo,
804 790 1120 868 decimas
1177 792 1266 868 de
1320 794 1532 870 terris
1585 798 1658 868 61
1690 794 1916 892 pratis
1952 794 2110 869 fisci
2145 794 2259 868 sui
2292 794 2549 894 Aplast

523 920 594 990 et
646 914 863 992 villae
935 940 1109 993 suae
1173 916 1582 994 Molinhuso
1652 917 1892 993 donat.
1983 923 2023 993 7
2037 923 2077 993 7
2091 926 2158 1012 5,
2216 918 2372 996 Oct.
2419 924 2541 995 25.

515 1038 764 1117 Duria.

484 1200 552 1267 G.
620 1200 884 1267 Carolus
914 1199 1119 1283 gratia
1147 1201 1270 1267 Dei
1299 1222 1412 1267 rex
1441 1202 1829 1270 Francorum
1872 1208 1935 1267 et
1963 1201 2545 1287 Langobardorum.

305 1306 619 1390 Quicquid
665 1307 831 1372 enim
876 1308 1034 1373 locis
1081 1310 1544 1374 venerabilibus
1593 1309 1673 1375 ob
1713 1329 1927 1375 amore
1973 1310 2212 1375 domini
2259 1316 2321 1375 61
2366 1329 2548 1395 opor·
2614 1344 2619 1351 ·

301 1415 567 1479 tunitate
622 1433 942 1480 servorum
997 1415 1121 1479 Dei
1178 1415 1476 1483 benivola
1539 1414 1990 1482 deliberatione
2060 1416 2463 1482 concedimus
2522 1413 2545 1500 ll

302 1520 428 1587 hoc
471 1521 655 1587 nobis
712 1521 796 1585 ad
853 1526 1174 1587 aeternam
1229 1522 1681 1589 beatitudinem
1736 1523 1839 1589 vel
1896 1523 2239 1589 remedium
2296 1524 2548 1590 animae

229 1652 262 1692 5
300 1634 560 1693 nostrae
603 1628 930 1713 pertinere.
965 1628 1354 1694 confidimus
1443 1629 1839 1715 Quapropter
1882 1637 2099 1695 notum
2145 1630 2226 1695 sit
2272 1630 2548 1695 omnium

300 1734 585 1800 fidelium
627 1741 982 1800 nostrorum
1027 1736 1476 1820 magnitudini,
1537 1737 1803 1821 qualiter
1848 1736 2156 1803 donamus
2204 1736 2288 1801 ad
2332 1758 2547 1803 mona÷

304 1841 563 1908 sterium
607 1841 1063 1925 Haerulfisfelt,
1122 1842 1230 1907 ubi
1275 1844 1458 1909 Lullo
1520 1844 1857 1929 episcopus
1906 1845 2071 1909 abba
2113 1863 2413 1929 praeesse
2458 1844 2549 1911 vi-

303 1947 502 2031 detur,
553 1946 719 2031 quod
767 1954 862 2041 est
907 1949 972 2013 in
1019 1948 1257 2016 honore
1303 1952 1628 2016 beatorum
1674 1952 2103 2036 apostolorum
2144 1950 2440 2035 Symonis
2487 1956 2551 2017 et

301 2054 530 2122 Tathei
577 2074 769 2138 super
823 2054 1080 2121 fluvium
1124 2057 1333 2124 Fulda
1387 2059 1453 2123 in
1496 2062 1676 2123 vaste
1720 2058 2069 2124 Bochonia*
2104 2064 2545 2141 constructum,

211 2190 251 2226 ιο
302 2160 426 2229 hoc
471 2168 569 2227 est
614 2162 727 2227 illa
773 2160 1022 2228 decima
1067 2162 1150 2228 de
1194 2171 1364 2230 terra
1410 2170 1472 2230 et
1515 2169 1701 2249 prata
1747 2185 1827 2230 ex
1871 2164 2026 2230 fisco
2072 2164 2320 2248 nostro,
2370 2162 2548 2249 cujus

301 2270 675 2337 vocabulum
733 2275 830 2335 est
878 2270 1146 2354 Aplast,
1195 2272 1262 2337 in
1318 2292 1488 2356 pago
1544 2272 1879 2356 Toringia,
1940 2279 2549 2359 quantumcumquae

304 2375 389 2442 ad
435 2358 814 2472 praedlctos
807 2383 1023 2442 nostro
1066 2398 1254 2462 pago
1286 2380 1576 2464 pertinet,
1628 2380 1789 2445 sicut
1820 2378 2111 2473 diximus,
2159 2378 2273 2443 illa
2301 2377 2551 2443 decima
2590 2352 2749 2456 ΗΜΘ

305 2483 386 2549 de
431 2489 598 2548 terra
653 2490 716 2548 61
771 2490 956 2569 prata
1015 2485 1149 2550 sive
1205 2488 1386 2570 aquis
1448 2486 1530 2551 ad
1566 2486 1705 2571 jam
1758 2486 1927 2551 dicto
1972 2493 2199 2552 sancto
2239 2487 2380 2551 loco
2426 2490 2549 2549 tra-

305 2589 530 2656 dimus,
603 2590 901 2655 Similiter
957 2598 1019 2656 et
1071 2592 1138 2656 in
1195 2594 1321 2659 alio
1384 2595 1553 2676 loco,
1612 2594 1718 2657 ubi
1764 2593 1995 2658 Franci
2049 2592 2337 2657 homines
2383 2568 2549 2659 601114
2625 2610 2873 2685 ηςῑῃῂο,
2827 2641 2895 2688 ⁰:-

220 2725 268 2759 ,ς
301 2678 594 2781 manent?
649 2697 830 2781 cujus
888 2699 1262 2763 vocabulum
1318 2706 1416 2766 est
1475 2700 1866 2782 MolinhuSO,
1928 2705 2228 2783 quantum
2282 2700 2347 2763 in
2406 2698 2551 2782 ipsa

301 2805 456 2871 villa
499 2809 717 2869 nostra
759 2804 1006 2871 videtur
1051 2825 1194 2871 esse
1247 2808 1602 2891 possessio,
1666 2807 1778 2872 illa
1833 2750 2083 2881 decima
2138 2805 2219 2872 de
2264 2812 2443 2871 terra
2488 2810 2551 2871 et

303 2911 469 2977 silva
511 2913 624 2977 vel
658 2918 846 2996 prata
889 2913 1025 2977 sive
1071 2913 1252 2996 aquis
1301 2913 1386 2979 ad
1426 2879 1771 3019 praedicto
1766 2894 1869 2979 ad
1901 2912 2226 2997 praedicto
2250 2908 2297 2996 ¹)
2328 2917 2548 2977 sancto
2592 2889 2663 2958 (Ι
2648 2888 2788 3009 Γζ]ι

300 3019 445 3084 1060
513 3017 885 3085 tradidimus
953 3020 1402 3104 perpetualiter
1472 3019 1556 3085 ad
1624 3019 2097 3104 possidendum.
2205 3020 2551 3103 Propterea
2600 3038 2730 3120 “'l'

303 3124 471 3191 hanc
515 3127 1028 3212 praeceptionem
1073 3126 1462 3192 auctoritatis
1501 3132 1756 3192 nostrae
1788 3126 2183 3191 conscribere
2218 3124 2545 3208 jussimus,

301 3237 372 3297 ut
415 3233 496 3298 ab
541 3232 663 3298 hac
709 3232 813 3299 die
858 3239 988 3298 tam
1032 3239 1411 3298 memoratus
1453 3234 1637 3298 Lullo
1686 3232 2041 3317 episcopm,
2092 3251 2405 3316 quamque
2450 3228 2549 3296 sui

307 3359 729 3423 successores,
779 3341 886 3423 qui
931 3340 1160 3407 suerint
1205 3346 1480 3405 rectores
1513 3339 1797 3425 ejusdem
1830 3340 2031 3404 sancti
2059 3339 2202 3421 loci,
2251 3338 2397 3423 ipsa
2440 3336 2549 3404 (16-

303 3446 470 3513 eima
525 3446 615 3512 de
659 3453 856 3530 terra,
921 3447 1084 3513 silva
1139 3453 1202 3512 et
1259 3452 1442 3531 prata
1498 3449 1600 3513 vel
1660 3446 1841 3531 aquis
1897 3445 1979 3511 de
2038 3466 2233 3531 supra
2278 3446 2548 3529 scriptas

303 3560 510 3619 curtes
557 3553 642 3619 ad
689 3574 846 3639 opus
883 3553 1022 3637 jam
1067 3553 1277 3619 dictae
1323 3554 1636 3619 ecclesiae
1688 3553 1991 3636 habeant,
2052 3557 2315 3617 teneant
2362 3557 2549 3634 atque
2618 3540 2625 3543 ’

301 3659 706 3746 possedeant.
777 3662 858 3725 Et
905 3660 1202 3744 quicquid
1248 3659 1478 3725 exinde
1525 3659 1611 3724 ad
1653 3659 1997 3743 profectum
2030 3659 2315 3743 ejusdem
2345 3656 2549 3721 sancti

300 3768 428 3833 loci
471 3766 682 3832 facere
713 3767 1034 3850 elegerint,
1085 3767 1348 3833 liberum
1380 3766 1778 3851 perfruantur
1818 3766 2157 3831 arbitrium.
2227 3766 2309 3828 Et
2337 3763 2546 3829 nullus

303 3844 590 3958 quilibet
589 3849 702 3939 de
757 3872 1046 3939 fidelibus
1105 3874 1338 3939 nostris
1397 3879 1506 3938 aut
1564 3872 1647 3937 de
1692 3872 2035 3992 judiciaria
2091 3876 2400 3956 potestate
2445 3870 2548 3936 vel
2576 3832 2762 3957 ls‘j‘ff‘*
2752 3836 2917 3907 (((5

301 3981 581 4065 qualibet
627 4000 902 4064 persona
945 3979 1270 4065 praedicto
1321 3973 1673 4064 [episcopo]
1688 3972 1739 4063 ²)
1785 3979 1865 4043 de
1900 3978 2039 4064 jam
2084 3977 2255 4043 dicta
2299 3976 2549 4041 decima

299 4089 652 4173 inquietare
698 4093 806 4152 aut
850 4092 1070 4152 contra
1115 4086 1375 4152 rationis
1423 4085 1645 4151 ordine
1674 4088 1777 4152 vel
1823 4086 2198 4151 calomniam
2242 4103 2548 4169 generare

303 4216 554 4283 quoque
585 4205 590 4209 “
619 4201 902 4279 tempore
970 4199 1359 4277 praesumat,
1439 4192 1556 4258 sed
1630 4190 1753 4257 hoc
1826 4180 2080 4259 nostrae
2155 4190 2545 4257 auctoritatis

484 4423 526 4485 ι)
564 4420 646 4475 sic
685 4424 800 4475 aut.
944 4420 988 4485 ²)
1025 4418 1186 4475 deest
1220 4418 1278 4473 in
1313 4423 1426 4475 aut.
1511 4415 1548 4480 ,’
