3209 5434
1758 536 1888 601 140

696 694 955 761 firmiter
1024 696 1347 762 observari
1414 697 1734 779 volumus,
1804 701 1899 779 ut,
1983 694 2038 760 si
2107 694 2248 777 quis
2315 690 2934 777 comprovincialium

693 807 1040 868 vestrorum
1100 805 1375 887 aliquem
1433 803 1513 869 de
1560 804 1802 869 civibus
1857 803 1924 867 in
1985 802 2207 884 quovis
2263 800 2510 885 imperii
2567 800 2713 863 loco
2763 798 2932 862 inva-

694 909 845 974 serit
899 916 1007 974 aut
1065 910 1447 995 depredatus
1504 910 1714 992 fuerit,
1789 909 2209 974 vulneraverit
2267 912 2376 972 aut
2431 905 2765 987 occiderit,
2837 924 2931 967 ru-

692 1035 951 1097 morque
998 1016 1082 1081 ad
1112 1036 1227 1081 vos
1264 1017 1636 1101 pervenerit,
1688 1017 2034 1099 burgenses
2069 1014 2259 1081 vestri
2295 1014 2470 1078 illum
2500 1014 2926 1095 insequantur,

694 1130 755 1189 et
799 1124 855 1188 si
902 1124 1331 1208 deprehensus
1362 1124 1548 1189 fuerit
1580 1122 1892 1206 flagrante
1921 1122 2250 1203 maleficiO,
2301 1122 2368 1183 in
2405 1120 2724 1185 civitatem
2753 1119 2930 1183 Wor-

691 1231 961 1295 maciam
1011 1230 1353 1295 deducatur
1400 1236 1463 1294 et
1505 1230 1714 1295 taliter
1763 1228 1844 1294 de
1891 1249 1966 1294 eo
2003 1227 2313 1313 judicium
2371 1233 2680 1309 sumatur,
2742 1244 2818 1289 ac
2875 1224 2928 1288 si

689 1336 809 1401 hec
855 1337 1019 1402 infra
1052 1337 1367 1402 civitatem
1415 1336 1849 1401 commisisset.
1924 1334 2107 1413 Quod
2154 1336 2208 1399 si
2256 1333 2567 1417 aufugerit
2611 1338 2674 1397 et
2719 1352 2760 1396 a
2789 1332 2930 1395 bur·

693 1444 993 1526 gensibus
1042 1445 1185 1529 capi
1230 1444 1579 1526 nequiverit
1625 1449 1686 1507 et
1731 1444 1796 1507 in
1837 1443 2053 1524 aliqua
2096 1442 2346 1507 civitate
2392 1441 2493 1506 vel
2541 1438 2804 1505 castello
2837 1457 2928 1501 re-

690 1556 909 1634 ceptus
964 1549 1177 1632 fuerit,
1237 1550 1582 1632 burgenses
1643 1550 1793 1614 illuc
1837 1550 2095 1614 veniant
2139 1554 2202 1614 et
2246 1548 2450 1632 ipsum
2512 1547 2592 1611 ab
2641 1546 2734 1611 eis
2745 1595 2762 1628 ,
2821 1543 2926 1627 qui

688 1658 862 1721 illum
911 1656 1217 1739 detinent,
1267 1662 1634 1740 reposcant,
1698 1662 1761 1720 et
1807 1656 1862 1720 si
1909 1656 2002 1721 eis
2047 1661 2446 1740 presentatus
2492 1653 2706 1735 fuerit,
2757 1650 2927 1736 paci-

688 1763 808 1827 fice
853 1762 1200 1844 recedatur,
1255 1763 1351 1827 sin
1402 1769 1610 1828 autem
1655 1768 1718 1827 et
1746 1763 2110 1827 facultatem
2155 1761 2504 1843 habuerint,
2552 1758 2928 1845 potestative

687 1870 896 1953 ipsum
941 1869 1228 1934 auferant
1285 1876 1346 1934 et
1404 1870 1459 1933 si
1503 1871 1682 1934 locus
1731 1869 1890 1934 adeo
1937 1870 2214 1933 munitus
2258 1868 2468 1950 fuerit,
2527 1872 2594 1931 ut
2638 1866 2928 1931 evincere

689 1976 893 2041 subito
962 1996 1087 2041 non
1151 1976 1426 2061 possint,
1498 1976 1830 2041 obsidione
1889 1996 2029 2041 eum
2087 1977 2345 2058 cingant
2399 1980 2462 2040 et
2518 1973 2781 2038 nuncios
2843 1970 2927 2036 ad

686 2083 1101 2149 Wernherum
1147 2082 1227 2149 de
1258 2084 1489 2147 Bolant
1535 2089 1597 2148 et
1642 2083 1898 2147 fratrem
1945 2082 2081 2168 ejus
2115 2082 2500 2167 Phylippum
2544 2081 2806 2161 mittant,
2859 2085 2928 2143 ut

686 2190 779 2255 eis
837 2196 1230 2272 succurrant,
1296 2196 1358 2255 et
1418 2190 1474 2255 si
1528 2210 1644 2273 per
1702 2209 1918 2254 eorum
1977 2190 2278 2253 auxilium
2334 2189 2513 2252 locus
2573 2186 2926 2271 expugnari

684 2298 941 2380 poterit,
1001 2302 1246 2379 gratum
1303 2296 1638 2379 habeatur3
1700 2296 1798 2360 sin
1857 2302 2093 2378 autem,
2157 2295 2359 2361 dictus
2417 2294 2800 2359 Wernherus
2865 2299 2928 2358 et

684 2402 1038 2487 Phylippus
1099 2404 1363 2467 nuncios
1423 2423 1571 2468 suos
1636 2422 1776 2467 cum
1834 2404 2058 2468 vestris
2123 2402 2205 2467 ad
2265 2402 2670 2466 clemenciam
2727 2401 2925 2485 impe-

685 2509 905 2573 rialem
953 2508 1227 2591 dirigant
1272 2510 1571 2573 auxilium
1619 2510 1754 2593 ejus
1801 2510 2261 2593 imploraturos.
2331 2509 2536 2595 Super
2562 2508 2925 2590 integritate

684 2616 1128 2700 itaquehujus
1175 2617 1353 2701 pacis
1400 2616 1802 2681 observanda
1848 2618 2084 2700 primos
2131 2623 2194 2681 et
2233 2616 2568 2700 precipuos
2600 2614 2923 2700 adjutores

664 2729 747 2787 .et
778 2723 1177 2788 conciliarios
1209 2723 1442 2788 habere
1475 2723 1718 2787 debetis
1753 2723 2104 2788 antedictos
2137 2722 2218 2787 de
2247 2723 2522 2786 Bonlant
2551 2721 2918 2804 confratres,

684 2829 1171 2910 vicedominum,
1234 2830 1636 2912 sculthetum,
1700 2830 2043 2914 prefectum
2103 2835 2166 2893 et
2209 2828 2460 2912 judices
2521 2827 2602 2893 de
2648 2829 2917 2910 civitate,

684 2936 792 3019 qui
848 2956 963 3001 vos
1020 2934 1366 3020 precedant
1421 2937 1685 3020 pariter,
1757 2942 1819 3000 et
1876 2936 1932 3000 si
1988 2935 2139 3019 quid
2199 2942 2418 3000 contra
2473 2956 2696 3019 pacem
2751 2934 2921 2998 hanc

684 3041 918 3107 factum
964 3043 1176 3125 fuerit,
1236 3044 1397 3107 sicut
1443 3043 1771 3127 imperium
1818 3042 2001 3108 decet
2045 3048 2107 3109 et
2140 3042 2465 3128 justiciam
2511 3047 2574 3107 et
2616 3042 2919 3105 honorem

683 3154 745 3213 et
812 3149 1205 3214 commodum
1276 3150 1546 3225 civitatis
1616 3149 1940 3213 vobiscum
2007 3149 2339 3215 emendent
2399 3154 2461 3214 et
2514 3149 2914 3213 ulciscantur.

682 3256 980 3321 Volentes
1050 3256 1237 3338 igitur
1304 3262 1371 3319 ut
1439 3277 1567 3339 pax
1636 3256 2129 3321 Wormaciensis
2195 3256 2382 3340 juxta
2446 3256 2712 3320 formam
2775 3274 2918 3339 pre-

683 3362 997 3445 scriptam,
1047 3362 1305 3444 insuper
1352 3381 1569 3427 omnes
1606 3361 1976 3425 traditiones
2025 3369 2086 3427 et
2120 3363 2269 3448 jura
2313 3362 2714 3446 privilegiata
2756 3362 2918 3445 ipsis

682 3488 723 3531 a
764 3467 925 3531 divis
956 3468 1378 3532 Romanorum
1425 3469 1906 3552 imperatoribus
1954 3470 2256 3553 augustis,
2300 3469 2561 3544 >domino
2593 3468 2916 3533 Friderico

681 3573 975 3639 videlicet
1019 3594 1152 3643 ,avo
1196 3581 1412 3639 nostro
1460 3582 1521 3639 et
1564 3580 1744 3658 patre
1789 3582 2006 3641 nostro
2053 3577 2380 3658 Heinrico,
2445 3575 2628 3640 salva
2670 3595 2916 3659 perma-

679 3686 871 3745 neant
926 3686 987 3745 et
1044 3681 1441 3763 inconvulsa,
1503 3682 1872 3747 auctoritate
1931 3683 2110 3766 regia
2167 3683 2635 3766 confirmamus,
2698 3702 2916 3747 omnes

679 3792 966 3870 posteros
1012 3788 1261 3851 nostros
1309 3788 1593 3852 Romano
1627 3809 1822 3871 regno
1856 3795 1999 3873 post
2028 3808 2145 3853 nos
2179 3808 2585 3853 successuros
2618 3794 2915 3872 rogantes

680 3892 1084 3976 diligencius,
1147 3898 1214 3957 ut
1268 3893 1430 3958 sicut
1486 3895 1611 3979 ipsi
1665 3895 1836 3960 facta
1881 3915 1997 3959 sua
2055 3896 2313 3979 cupiunt
2364 3896 2610 3960 illibata
2655 3896 2912 3979 servari,

677 4000 767 4065 ita
834 3999 1017 4083 hujus
1086 4000 1396 4084 privilegii
1456 4007 1740 4066 nostram
1796 4001 2330 4067 confirmationem
2384 4001 2676 4067 fidelibus
2737 4003 2917 4085 regni

680 4108 1258 4173 Wormaciensibus
1302 4109 1606 4174 munitam
1653 4128 1910 4174 servare
1955 4114 2171 4174 curent
2215 4114 2278 4173 et
2319 4109 2582 4174 illesam.

999 4322 1263 4405 Signum
1319 4319 1630 4385 Friderici
1686 4323 2111 4387 Romanorum
2173 4322 2343 4405 regis
2399 4320 2797 4387 invictissimi
2853 4328 2918 4387 et

1108 4425 1274 4507 regis
1322 4426 1557 4509 Sycilic
1602 4427 1862 4509 gloriosi
1905 4423 2040 4511 (M).
