3209 5434
941 1304 1232 1382 INDEX
1289 1305 1903 1385 GHARTARUM.

1319 1518 1530 1531 -u-—v--u

341 1679 392 1734 1.
445 1676 732 1734 conradus
756 1679 798 1735 1.
824 1680 1156 1736 monasterio
1180 1679 1592 1736 Morbachcensi
1630 1681 1813 1736 omnia
1846 1681 1995 1738 bona
2028 1687 2086 1738 et
2116 1681 2403 1751 privilegia

445 1775 750 1854 confirmat.
804 1776 928 1844 913,
965 1777 1122 1831 Mart.
1151 1779 1236 1832 12.
1292 1777 1600 1847 Argentina
1684 1818 2399 1832 .........
2510 1782 2541 1834 1

324 1875 393 1957 g.
447 1873 738 1930 Heinricus
764 1873 805 1927 I.-
831 1871 1060 1942 Baboni,
1097 1874 1338 1930 vassallo
1375 1876 1592 1936 comitis
1617 1875 1935 1958 Burchardi,
1971 1891 2038 1930 ea
2060 1875 2222 1946 bona,
2260 1891 2403 1946 quae

443 1970 500 2026 in
545 1972 668 2026 loco
704 1969 934 2040 Siginga
979 1971 1035 2024 in
1081 1987 1228 2040 pago
1264 1973 1538 2041 Hegouue.
1572 1974 1704 2044 jure
1751 1971 2057 2028 beneficiali
2092 1975 2297 2044 tenuit,
2344 1975 2403 2029 in

443 2068 832 2137 proprietatem
871 2067 1058 2122 donat.
1114 2069 1236 2137 920,
1273 2069 1414 2125 Nov.
1441 2070 1530 2124 30.
1585 2068 1843 2124 Seliheim
1945 2109 2399 2124 ......
2508 2073 2543 2126 2

335 2165 390 2220 3.
443 2165 732 2220 Heinricus
777 2165 821 2219 1.
867 2164 1166 2220 Baldmunt
1217 2164 1630 2236 presbyterum,
1684 2181 1905 2222 servum
1958 2166 2095 2236 regii
2140 2167 2284 2238 Juris
2329 2165 2401 2222 de

442 2261 650 2318 familia
695 2261 1150 2331 Campidonensis
1195 2263 1512 2318 monasterii
1562 2263 1809 2332 genitum
1825 2304 1849 2333 ,‚
1894 2278 2127 2318 excusso
2175 2263 2401 2320 denario

444 2359 798 2414 manumittit.
851 2361 974 2429 926,
1011 2359 1159 2429 Aug.
1185 2362 1270 2414 11.
1325 2362 1504 2434 Rorae
1589 2399 2398 2420 ..........
2506 2363 2541 2418 3

337 2456 390 2510 4.
444 2456 734 2511 Heinricus
769 2457 815 2510 Ι.
861 2457 1192 2512 monasterio
1237 2457 1664 2528 Campidonensi
1710 2455 2033 2537 traditiones
2082 2457 2401 2528 Cumprehti

442 2560 499 2607 et
535 2551 854 2609 Salachonis
890 2552 1194 2622 confirmat.
1249 2555 1372 2622 930,
1409 2553 1539 2608 Jun.
1566 2554 1653 2608 30.
1708 2551 2007 2622 Nabepurg
2032 2592 2397 2608 .....
2505 2556 2542 2610 4

337 2650 388 2705 5.
446 2649 574 2704 Otto
625 2651 670 2705 Ι.
725 2650 1058 2706 monasterio
1111 2638 1602 2738 Quediinburgensi
1666 2648 1937 2704 decimum
1993 2651 2399 2722 vestimentum,

443 2746 590 2816 quod
625 2747 782 2802 Lodo
817 2747 1045 2816 dicitur,
1093 2761 1255 2802 omne
1267 2788 1282 2817 ‚
1331 2747 1480 2816 quod
1516 2745 1586 2800 de
1623 2744 1979 2816 Chirichberg
2014 2751 2071 2801 et
2106 2747 2401 2818 Domburg

441 2844 687 2913 solvitur,
725 2850 782 2898 et
818 2844 925 2898 alia
962 2843 1150 2898 donat.
1206 2845 1329 2912 937,
1369 2841 1660 2898 Decembr.
1686 2845 1772 2898 20.
1828 2843 2270 2913 Quitilingoburg
2297 2885 2307 2895 .
2383 2885 2395 2896 .
2504 2846 2539 2900 6

335 2942 386 2996 6.
444 2940 574 2996 Otto
621 2941 664 2996 Ι.
710 2955 808 2996 rex
855 2941 1234 3010 episcopatum
1283 2941 1340 2994 in
1385 2940 1611 2996 civitate
1654 2939 2056 3010 Brendanburg
2100 2941 2299 2996 fundat
2342 2945 2400 2996 et

442 3038 613 3094 dotat.
670 3039 792 3108 948,
830 3037 950 3094 Oct.
978 3041 1027 3093 1.
1081 3035 1463 3106 Magadaburg
1493 3079 1508 3096 .
1587 3075 2395 3090 ..........
2506 3039 2537 3092 7

337 3136 388 3190 7.
431 3135 558 3191 Otto
594 3135 641 3189 I.
675 3135 1006 3191 monasterio
1042 3133 1442 3204 Hersfeldensi‚
1488 3133 1691 3190 abbate
1726 3133 2058 3203 Hagnone,
2104 3132 2252 3190 bona
2294 3149 2399 3190 sua

332 3213 379 3223 ‘-
438 3233 496 3287 in
521 3231 1028 3300 Gruoningomarca
1062 3232 1170 3286 sita
1203 3231 1316 3300 dat,
1353 3246 1452 3300 pro
1477 3229 1679 3299 quibus
1708 3229 1781 3285 ab
1816 3231 2010 3286 eodem
2048 3231 2396 3299 monasterio,

432 3331 558 3400 jure
595 3327 930 3396 concambii,
977 3327 1126 3385 bona
1169 3329 1228 3382 in
1261 3326 1672 3382 Bobbenzunon
1722 3333 1781 3382 et
1814 3328 2052 3383 Eilmare
2097 3329 2243 3383 villis
2289 3328 2415 3408 sita.

442 3425 660 3495 accipit.
716 3426 839 3494 949,
877 3424 1038 3480 Febr.
1063 3426 1114 3480 2.
1170 3423 1572 3480 Franeonofurt
1586 3464 2391 3479 ..........
2500 3427 2537 3482 8

333 3523 387 3578 8.
441 3522 572 3578 Otto
603 3523 646 3577 1.
685 3522 999 3577 monasterii
1034 3521 1375 3578 Gamundias
1411 3522 1531 3577 sive
1566 3519 1900 3578 Horunbach
1934 3521 2189 3591 ingenuis
2221 3520 2394 3578 homi-

439 3618 630 3688 nibus,
678 3619 772 3688 qui
809 3619 928 3690 ejus
963 3624 1166 3674 terram
1201 3623 1420 3687 tenent,
1467 3619 1867 3674 immunitatem
1906 3618 1977 3674 ab
2012 3617 2265 3675 omnibus
2300 3635 2393 3674 ex-

440 3714 752 3777 actionibus.
781 3717 861 3770 ita
896 3715 1212 3785 confirmat,
1261 3720 1326 3770 ut
1361 3716 1544 3770 omnia
1578 3714 1715 3771 fisco
1762 3716 2026 3772 solvenda
2062 3702 2393 3772 monasterio

437 3812 548 3866 sint
582 3827 860 3869 concessa.
916 3814 1040 3882 950,
1075 3813 1205 3869 Jau.
1231 3814 1318 3868 18.
1374 3813 1747 3870 Basenvillare
1765 3852 2389 3866 ........
2464 3815 2534 3869 10

331 3908 384 3964 9.
439 3908 569 3964 Otto
604 3909 647 3963 I.
695 3910 988 3978 imperator
1025 3909 1352 3964 Chuonrado
1401 3911 1663 3979 episcopo
1709 3916 1767 3965 et
1812 3910 2077 3965 ecclesiae
2124 3909 2391 3965 Constan-

434 4006 598 4061 tiensi
620 4007 1009 4076 proprietatem
1035 4005 1372 4062 Ountrammi
1397 4007 1456 4061 in
1481 4017 1629 4076 pago
1653 4007 1995 4076 Prisecgewe
2018 4007 2180 4062 sitam
2205 4007 2389 4062 donat.

435 4103 558 4172 962,
595 4102 754 4158 Febr.
783 4105 872 4158 21.
925 4103 1102 4162 Biana
1140 4143 1151 4154 .
1228 4143 1238 4156 .
1317 4143 1327 4154 .
1405 4105 1421 4155 .’
1495 4127 1504 4154 ;
1581 4143 2387 4156 ..........
2464 4106 2529 4160 11

297 4199 384 4254 10.
438 4198 566 4254 Otto
603 4201 644 4254 I.
681 4200 982 4270 imperator
1015 4199 1290 4269 episcopis
1330 4207 1388 4255 et
1423 4200 1715 4256 comitibus
1752 4198 2027 4254 Saxoniae
2072 4200 2141 4255 de
2184 4198 2389 4255 inthro-

434 4296 670 4352 nizando
729 4295 1032 4352 Adalberto
1050 4337 1066 4366 ,
1129 4297 1539 4368 archiepiscopo
1598 4295 2121 4366 magadaburgensi,
2180 4295 2389 4352 scribit.
2440 4342 2445 4348 .

438 4392 778 4458 (Auctumno
815 4394 962 4460 968.)
1049 4432 1060 4445 .
1137 4434 1148 4447 .
1184 4433 1189 4438 -
1225 4431 2385 4447 ..............
2460 4395 2531 4450 13
