3209 5434
1793 544 1873 604 12

711 717 968 799 quesitis
1030 724 1092 782 et
1146 717 1536 798 inquirendis
1606 723 1668 782 et
1726 718 2041 798 omnibuS‚
2116 735 2234 799 que
2289 716 2599 782 nominari
2661 717 2758 780 vel
2816 715 2944 779 dici

708 828 1002 907 possunt,
1077 842 1155 887 ex
1224 823 1466 905 integro
1533 824 1967 930 prenominato
2028 822 2405 888 Ghuonrado
2464 823 2765 906 episcopo
2834 820 2942 885 do-

707 947 960 1010 namUS,
1035 949 1112 992 ea
1182 929 1420 993 scilicet
1480 905 1721 1020 ratione
1788 935 1855 993 ut
1912 929 2197 1018 predicta
2279 929 2423 993 loca
2477 934 2688 992 teneat
2755 933 2941 1008 atque

707 1033 1034 1118 possideat
1078 1053 1276 1116 usque
1323 1035 1406 1098 ad
1452 1037 1781 1100 terminum
1829 1037 1952 1116 vite
1998 1057 2179 1118 suae,
2242 1041 2303 1099 et
2347 1041 2492 1118 post
2537 1034 2769 1098 obitum
2816 1034 2941 1113 vite

709 1159 861 1205 suae
904 1160 1020 1222 pro
1068 1139 1344 1205 remedio
1393 1140 1597 1221 anime
1655 1148 1867 1222 nostre
1926 1149 2400 1222 nostrorumque
2467 1146 2796 1224 parentum
2864 1160 2939 1204 ac

708 1245 932 1329 prefati
964 1245 1324 1310 Chuonradi
1356 1247 1639 1330 episcopi
1685 1239 2007 1312 canonicis
2052 1248 2117 1311 in
2163 1246 2629 1311 Constantiensi
2671 1246 2940 1325 ecclesia

708 1352 847 1416 Deo
908 1351 1354 1434 servientibus,
1420 1352 1521 1416 cui
1578 1330 2081 1437 idem''prefatus
2126 1352 2380 1436 praesul
2434 1351 2680 1416 videtur
2722 1357 2939 1434 pastor

707 1453 1024 1567 praeesse,
1075 1457 1160 1522 ad
1204 1459 1434 1523 victum
1482 1465 1543 1523 et
1587 1460 1882 1524 vestitum
1926 1460 2204 1542 ipsorum
2248 1458 2554 1522 donamus
2603 1462 2788 1539 atque
2817 1463 2936 1520 tra-

708 1561 912 1628 dimus
982 1565 1416 1647 prenominata
1478 1565 1625 1629 loca
1691 1584 1832 1629 cum
1901 1565 2186 1630 omnibus
2229 1563 2711 1629 utensilitatibus
2758 1583 2935 1647 supe-

706 1669 836 1734 rius
896 1669 1197 1753 predictis
1243 1669 1499 1734 firmiter
1545 1677 1732 1753 atque
1784 1671 2232 1754 perpetualiter
2280 1670 2516 1752 absque
2560 1670 2749 1733 ullius
2793 1689 2933 1734 con-

706 1774 1081 1840 tradictione
1110 1776 1213 1839 vel
1257 1776 1694 1876 molestatione
1724 1776 2061 1841 tenendum
2094 1796 2169 1842 ac
2200 1775 2670 1860 possidendum,
2704 1782 2773 1839 ut
2800 1775 2937 1858 ipse

706 1886 1198 1964 prememoratus
1252 1853 1871 1965 habefflbatur
1927 1882 2395 1947 Guntramnnus
2414 1931 2431 1964 ,
2492 1888 2826 1965 antequam
2871 1881 2935 1945 in

707 1992 988 2051 nostrum
1044 1988 1284 2070 regium
1333 1986 1442 2072 jus
1500 1989 1566 2053 in
1625 1994 1839 2053 nostro
1896 1988 2147 2071 palacio
2202 1987 2602 2071 Augustburc
2650 1986 2936 2072 judicata

705 2092 972 2158 fuissent
1014 2114 1130 2176 pro
1177 2093 1378 2178 ipsius
1426 2094 1781 2160 commissu.
1862 2094 1931 2159 Si
1979 2095 2117 2176 quis
2166 2100 2371 2159 autem
2416 2093 2537 2158 hoc
2574 2099 2936 2176 preceptum

707 2205 918 2279 nostre
965 2198 1321 2265 donationis
1367 2199 1661 2283 frangere
1705 2201 1808 2265 vel
1853 2201 2092 2265 violare
2132 2199 2545 2283 temptaverit,
2594 2200 2836 2264 noverit
2867 2219 2936 2264 se

623 2315 632 2319 ’
709 2305 1195 2388 compositurum
1242 2307 1378 2370 auri
1423 2307 1642 2389 optimi
1685 2306 1880 2371 libras
1924 2312 2188 2388 centum,
2238 2304 2638 2370 medietatem
2681 2307 2937 2384 kamere

707 2415 919 2490 nostre
951 2417 1013 2475 et
1041 2410 1443 2476 medietatem
1470 2410 1715 2514 prefato
1748 2410 2126 2476 Chuonrado
2157 2411 2398 2506 presuli
2398 2412 2530 2502 svel
2560 2416 2707 2494 post
2736 2411 2936 2494 ipsius

710 2516 944 2581 obitum
978 2517 1300 2582 canonicis
1332 2518 1834 2583 constantiensis
1867 2517 2193 2599 ecclesiae,
2245 2517 2472 2600 quibus
2503 2516 2938 2600 prenominata

706 2623 849 2687 loca
893 2621 976 2687 ad
1023 2623 1254 2688 victum
1301 2631 1362 2689 et
1392 2625 1683 2689 vestitum
1723 2624 2005 2707 ipsorum
2036 2622 2425 2704 donavimuS‚
2478 2623 2768 2704 quatinus
2800 2642 2937 2687 ora-

705 2728 978 2792 tionibus
1025 2749 1240 2793 eorum
1286 2730 1484 2795 sacris
1532 2730 1988 2794 constantiores
2052 2748 2168 2793 nos
2215 2729 2281 2793 in
2335 2729 2461 2792 ista
2503 2728 2635 2792 vita
2680 2749 2755 2792 ac
2798 2746 2939 2810 per-

708 2834 854 2899 enni
921 2835 1260 2899 alacriores
1331 2855 1580 2918 semper
1652 2854 1795 2900 esse
1860 2835 2197 2918 possimus.
2287 2835 2370 2898 Et
2428 2806 2496 2935 ιῇ
2551 2815 2620 2926 a]
2645 2832 2937 2898 fidelibus

707 2941 938 3005 nostris
983 2941 1191 3005 verius
1239 2939 1528 3004 credatur
1574 2946 1637 3005 et
1682 2940 2043 3024 diligentius
2076 2960 2190 3024 per
2221 2939 2627 3004 succedentia
2654 2945 2941 3022 tempora

708 3045 1097 3129 observetur,
1146 3045 1453 3130 jussimus
1510 3045 1660 3110 inde
1716 3046 1836 3112 hoc
1894 3065 2155 3130 presens
2200 3051 2568 3128 preceptum
2626 3044 2941 3110 conscribi

708 3158 771 3217 et
815 3152 988 3216 anuli
1017 3151 1217 3216 nostri
1247 3151 1642 3235 inpressione
1674 3153 1966 3235 sigillari3
2014 3171 2205 3216 manu
2244 3151 2504 3234 propria
2530 3150 2936 3215 firmavimus.

1027 3301 1292 3398 Signum
1348 3300 1561 3399 domni
1608 3301 1855 3368 Ottonis
1924 3303 2317 3369 invlctrssimi
2382 3301 2775 3383 imperatoris
2819 3294 2941 3382 (M)

1344 3404 1432 3470 Ι...

1026 3511 1336 3576 Liutulfus
1375 3511 1789 3577 cancellarius
1824 3512 1906 3577 ad
1931 3513 2133 3578 vicem
2155 3498 2470 3577 Bfunonis
2508 3511 2941 3594 archicappel-

1129 3617 1262 3682 lani
1307 3619 1648 3701 recognovi
1695 3625 1757 3682 et
1802 3618 2165 3703 subscripsi.
2243 3613 2335 3701 (S.
2370 3613 2476 3701 R.)
2531 3612 2629 3699 (L.
2665 3612 2762 3700 S.)

707 3765 877 3830 Data
931 3767 1122 3830 VIIII
1179 3767 1492 3832 kalendas
1547 3767 1785 3850 Martii,
1854 3787 2020 3866 anno
2077 3767 2431 3832 dominicae
2486 3765 2940 3830 incarnationis

707 3870 1182 3955 DGGCOLXn,
1231 3873 1574 3938 indictione
1592 3874 1667 3956 V,
1716 3893 1883 3938 anno
1923 3873 2102 3955 regni
2144 3872 2530 3938 serenissimi
2566 3871 2733 3955 regis
2766 3871 2940 3937 Otto-

707 3978 806 4098 nis
849 3978 1119 4060 XXVII,
1169 3979 1801 4126 imperiiffzwffictum
1844 3979 2063 4043 Riana.
2128 3980 2201 4043 In
2240 3977 2470 4043 Christi
2512 3977 2765 4042 nomine
2804 3972 2940 4042 feli'-

708 4090 860 4149 c1ter
900 4104 1105 4149 amen.

799 4265 867 4313 Ex
909 4267 1189 4326 autographo
1225 4267 1274 4314 in
1307 4267 1531 4314 tabulario
1569 4266 2166 4338 Garlsruhensi—assqrvato.
2225 4266 2413 4325 Signum
2450 4264 2773 4323 recognitionis
2818 4266 2944 4313 notis

899 4347 1035 4391 caret.
1093 4346 1240 4402 sigilli
1270 4346 1508 4405 inscriptio
1554 4351 1596 4386 -Ι-
1645 4345 1795 4392 ΟΤΤΟ
1839 4346 1940 4392 ῙΜΡ
1972 4346 2108 4392 AVG.
2155 4345 2313 4392 Edidit
2349 4345 2465 4391 malo
2504 4340 2703 4414 RQ}⁶’
2744 4343 2946 4402 Regesta

894 4424 1119 4471 Badensia
1147 4425 1222 4470 88.
1263 4447 1311 4456 -
1349 4423 1542 4482 Stumpf,
1573 4422 1685 4481 Reg.
1708 4425 1813 4470 301.
