3209 5434
1341 529 1467 593 139

283 690 400 755 trio
449 695 668 754 contra
713 689 985 771 aliquem
1030 687 1299 773 injustas
1341 688 1715 754 inimicicias
1762 705 2064 753 exercens
2109 684 2328 767 iniqua
2375 702 2521 766 que-

283 796 550 861 rimonia
596 797 802 880 ipsum
850 796 1328 861 circumvenerit
1362 801 1423 860 et
1454 796 1534 860 ab
1567 816 1643 861 eo
1677 793 2169 859 satisfactionem
2202 790 2521 873 suscipere

284 904 571 985 noluerit,
626 904 739 968 sub
786 903 1249 988 proscriptione
1296 902 1692 986 imperatoris
1739 901 2070 982 habeatur,
2124 904 2184 963 et
2231 898 2286 962 si
2334 916 2519 980 super

283 1009 407 1074 hoc
464 1010 629 1074 infra
675 1011 989 1075 civitatem
1045 1029 1300 1073 manere
1357 1009 1837 1093 presumpserit,
1899 1004 2403 1090 deprehendatur
2463 1009 2523 1069 et

291 1116 544 1182 domino
580 1118 943 1201 imperatori
973 1116 1327 1201 puniendus
1359 1122 1728 1182 reservetur.
1790 1113 2070 1178 Termini
2102 1119 2308 1177 autem
2338 1111 2523 1197 hujus

289 1225 469 1308 pacis
517 1211 973 1307 protendantur
1018 1223 1102 1287 ad
1146 1224 1471 1288 ulteriores
1516 1223 1676 1287 fines
1721 1221 2047 1285 vinearum
2093 1226 2154 1284 et
2197 1238 2396 1301 usque
2443 1217 2523 1282 ad

295 1330 511 1395 hortos
558 1330 848 1396 Mezelini
902 1336 965 1395 et
1010 1329 1094 1394 ad
1138 1329 1297 1395 fines
1346 1328 1692 1394 communis
1737 1346 1973 1412 pascue
2018 1326 2419 1408 burgensium
2467 1333 2527 1389 ct

290 1437 374 1502 ad
434 1438 637 1521 ripam
696 1437 997 1518 Primme,
1071 1437 1177 1501 ubi
1240 1435 1443 1500 influit
1496 1435 1563 1499 in
1618 1436 1878 1499 Renum.
1972 1433 2041 1497 si
2110 1426 2250 1515 quis
2319 1437 2523 1495 autem

289 1544 695 1626 burgensium
756 1550 934 1608 extra
992 1543 1306 1608 civitatem
1363 1543 1555 1607 alium
1612 1542 1986 1624 burgensem
2029 1557 2414 1624 persequens
2458 1537 2519 1601 in

290 1651 506 1733 aliquo
553 1652 753 1716 tocius
802 1650 1047 1734 imperii
1092 1649 1234 1713 loco
1283 1656 1501 1714 contra
1546 1655 1779 1714 statuta
1822 1648 2008 1733 hujus
2054 1646 2234 1731 pacis
2288 1646 2523 1727 inquis*

289 1758 484 1823 tando
531 1758 850 1840 invaserit,
900 1756 1203 1821 habeatur
1239 1756 1419 1840 pacis
1450 1756 1737 1838 violator,
1785 1776 1862 1820 ac
1909 1756 1965 1820 si
2010 1754 2173 1818 infra
2214 1753 2523 1818 civitatem

289 1865 457 1929 idem
504 1864 776 1929 fecisset.
858 1865 1046 1946 Item,
1109 1864 1164 1927 si
1218 1864 1359 1946 quis
1406 1863 1736 1947 burgensis
1780 1876 1964 1927 'suum
2011 1862 2527 1943 comburgensem

292 1992 482 2056 super
544 1972 758 2054 aliqua
814 1990 1009 2036 causa
1052 1970 1322 2036 voluerit
1375 1971 1706 2054 impetere,
1771 1989 1983 2035 coram
2029 1968 2352 2053 judicibus
2408 1966 2527 2030 hoc

290 2077 485 2144 faciat
543 2085 610 2143 et
658 2099 734 2143 eo
771 2078 915 2163 Jure
962 2084 1290 2143 contentus
1338 2078 1445 2159 sit,
1507 2076 1676 2159 quod
1733 2077 1790 2142 ei
1825 2076 2075 2162 judices
2124 2095 2237 2160 per
2283 2079 2527 2139 senten-

291 2186 444 2250 tiam
491 2184 837 2252 secundum
872 2183 1021 2268 jura
1066 2184 1335 2249 civitatis
1385 2183 1759 2249 dictaverint
1806 2190 1869 2248 et
1910 2203 2037 2247 non
2085 2181 2404 2265 appellent
2444 2177 2527 2241 ad

292 2293 597 2378 majorem
644 2291 1057 2356 audienciam.
1131 2291 1234 2356 Ad
1276 2290 1809 2356 confirmationem
1856 2290 2066 2371 itaque
2110 2287 2390 2372 predicte
2418 2305 2527 2369 pa:

295 2400 387 2465 cis
436 2420 515 2464 ex
560 2398 859 2464 mandato
906 2398 1219 2482 imperiali
1262 2398 1394 2463 XII
1443 2397 1886 2462 ministeriales
1934 2396 2201 2460 ecclesie
2246 2396 2527 2458 Worma-

296 2506 529 2571 ciensis
586 2510 648 2570 et
706 2505 993 2569 XXVIII
1050 2506 1395 2587 burgenses
1454 2510 1832 2585 statuentur,
1902 2503 2008 2585 qui
2067 2502 2146 2566 de
2201 2500 2531 2565 invasione

294 2602 650 2677 ledencium
710 2618 772 2677 et
825 2612 1099 2676 lesorum
1148 2632 1188 2675 a
1230 2612 1493 2676 testibus
1539 2610 1962 2675 testimoninm
2019 2608 2278 2673 audiant
2329 2613 2390 2672 et
2436 2625 2527 2671 se-

298 2718 572 2784 cundum
617 2719 945 2783 veritatem
991 2718 1242 2783 testium
1300 2717 1689 2800 discernant,
1750 2722 1812 2781 et
1868 2718 1922 2781 si
1968 2715 2234 2800 predicti
2277 2714 2394 2778 XL
2431 2712 2527 2796 ju-

297 2826 473 2891 dices
533 2826 600 2890 in
662 2825 873 2907 aliquo
932 2824 1459 2907 discordaverint,
1522 2824 1815 2889 standum
1875 2824 1991 2889 erit
2036 2822 2279 2906 judicio
2335 2821 2531 2905 partis

297 2933 579 3018 maJoris.
652 2932 721 2998 Si
769 2932 908 3015 quis
956 2937 1167 2996 autem
1201 2931 1488 3016 judicum
1533 2932 1776 2996 ratione
1823 2928 2386 3011 consanguinitatis
2433 2929 2531 2993 vel

296 3040 494 3124 precii
550 3039 686 3104 sive
747 3038 1080 3123 cujuslibet
1126 3039 1480 3104 occa-sionis
1527 3059 1700 3103 reum
1748 3038 2018 3121 aliquem
2063 3037 2230 3101 malo
2252 3081 2256 3085 ,
2277 3033 2531 3117 ingenie

296 3147 459 3211 tueri
506 3152 567 3211 et
614 3152 831 3211 contra
866 3145 1308 3229 juramentum,
1365 3144 1536 3227 quod
1582 3145 1746 3227 fecit,
1796 3145 1898 3210 vel
1944 3144 2342 3207 innocentem
2388 3160 2527 3205 con-

300 3251 646 3336 dempnare
703 3252 1165 3337 attemptaverit
1219 3258 1283 3316 et
1339 3251 1419 3316 de
1477 3252 1598 3315 hoc
1645 3252 1964 3316 convictus
2011 3250 2196 3315 fuerit
2248 3268 2361 3332 per
2405 3254 2531 3313 tres

299 3358 685 3445 conjudices,
736 3379 885 3424 suos
920 3359 1217 3424 videlicet
1246 3363 1588 3441 consorteS,
1641 3358 1720 3423 de
1752 3352 2078 3423 consorcio
2111 3376 2325 3421 eorum
2359 3355 2531 3437 ignu-

298 3466 570 3532 miniose
616 3467 907 3549 eiciatur3
956 3466 1229 3549 insuper,
1281 3465 1336 3529 si
1380 3464 1623 3536 habere
1655 3465 1900 3548 poterit,
1951 3463 2034 3529 ad
2064 3465 2378 3529 cumulum
2424 3481 2535 3526 suc

303 3572 772 3662 dampnationis
829 3578 893 3637 et
946 3592 1107 3657 pene
1152 3572 1274 3636 VII
1317 3572 1511 3637 libras
1558 3572 2050 3638 wormaciensis
2096 3575 2342 3648 monete
2396 3588 2531 3651 per²

302 3682 537 3763 solvat,
609 3686 737 3745 tres
799 3678 1097 3745 videlicet
1152 3678 1481 3763 episcop0,
1553 3678 1713 3744 duas
1765 3678 2087 3763 Judicibus
2145 3682 2208 3741 et
2258 3675 2531 3757 reliquas

303 3787 467 3852 duas
516 3786 824 3853 advocato
872 3793 934 3851 et
966 3786 1272 3852 scultheto
1315 3791 1377 3850 et
1423 3786 1712 3850 officiatis
1759 3804 1992 3867 eorum,
2043 3783 2150 3865 q‘ui
2179 3783 2367 3865 vulgo
2399 3803 2531 3845 am-

302 3894 591 3959 behtman
648 3899 969 3961 vocantur.
1049 3894 1347 3959 Preterea
1400 3894 1555 3957 nulli
1612 3893 1800 3956 liceat
1850 3892 2228 3973 burgensem
2279 3894 2387 3953 aut
2433 3908 2535 3952 er:-

301 4008 591 4067 traneum
638 4002 722 4066 ad
763 4001 1037 4066 duellum
1081 4020 1445 4084 provocare.
1518 3999 1588 4065 Si
1624 3999 1763 4080 quis
1795 4003 2132 4062 extraneus
2162 3996 2535 4078 burgensem

302 4109 371 4174 in
428 4110 613 4174 rebus
674 4114 781 4173 aut
834 4108 900 4172 in
957 4126 1231 4191 persona
1278 4106 1729 4187 molestaverit,
1793 4110 1856 4169 et
1907 4104 2274 4188 molestatus
2331 4102 2535 4185 ipsum

302 4216 475 4281 infra
507 4215 820 4281 civitatem
853 4212 1351 4298 deprehenderit,
1402 4232 1616 4277 coram
1636 4210 1855 4295 judice
1885 4208 2152 4275 eundem
2181 4210 2250 4273 in
2281 4228 2535 4273 causam

302 4323 515 4389 trahat
571 4329 633 4388 et
686 4322 949 4408 injurias
1011 4340 1159 4386 suas
1218 4318 1671 4385 rationabiliter
1724 4322 2066 4403 proponat,
2140 4322 2202 4382 et
2259 4316 2315 4381 si
2369 4317 2539 4382 testi—

310 4430 524 4495 monio
579 4429 764 4495 trium
813 4427 1103 4513 judicum
1158 4427 1343 4493 fuerit
1400 4427 1753 4509 convictus,
1816 4424 2181 4491 satisfaciat.
2273 4424 2539 4507 Insuper
