3209 5434
1728 530 1856 595 180

663 688 1212 775 Magdeburgensi‚
1263 689 1520 774 Stumpf
1556 656 1719 754 953:
1770 688 1894 754 nisi
1928 688 2198 753 violator
2226 686 2410 752 istius
2440 684 2676 768 regalis
2706 682 2897 749 muni-

661 798 953 864 ficentiae
999 797 1212 863 divino
1259 798 1661 863 anathemate
1691 802 1753 862 et
1780 797 1993 888 reqiae
2018 796 2268 880 qratiae
2296 793 2658 858 detrimento
2698 789 2895 871 magis

662 906 815 971 velit
858 905 1120 990 percuti.

842 1048 960 1113 No.
995 1047 1101 1112 44.
1153 1045 1501 1129 Conradus,
1547 1066 1735 1129 quem
1773 1045 2022 1110 tertium
2051 1063 2281 1109 vocare
2311 1042 2602 1124 solemuS,
2646 1040 2713 1105 in
2744 1038 2897 1103 actis

663 1154 954 1237 genuinis
1001 1172 1250 1237 semper
1285 1154 1749 1236 „Romanorum
1781 1174 1893 1218 rex
1924 1143 2277 1217 seeundus“
2315 1150 2685 1233 appellatur,
2732 1143 2899 1210 haud

664 1258 851 1325 dubie
895 1260 1096 1344 primo
1145 1259 1457 1342 Conrad0‚
1507 1261 1743 1345 quippe
1790 1260 1895 1343 qui
1927 1260 2351 1324 Romanorum
2394 1256 2734 1340 imperator
2778 1273 2897 1317 non

662 1366 874 1449 fuerit,
934 1387 1062 1432 non
1115 1374 1461 1433 numerato,
1511 1402 1601 1411 —
1645 1367 1948 1450 Diploma
2004 1366 2243 1449 ipsum,
2304 1383 2447 1428 eum
2506 1363 2668 1426 inter
2710 1365 2899 1425 testes

661 1473 1020 1556 Egilbertus
1091 1475 1429 1559 episcopus
1499 1470 2047 1558 Ba‘benbergensis
2118 1475 2536 1552 enumeretur,
2608 1467 2718 1551 qui
2768 1466 2898 1551 jam

664 1581 748 1645 29
797 1579 858 1645 d.
904 1581 1139 1646 mensis
1185 1581 1341 1646 Maii
1396 1587 1675 1646 mortuus
1733 1586 1896 1663 erat,
1956 1585 2137 1664 putat
2190 1583 2523 1662 suspectae
2570 1594 2713 1640 esse
2758 1571 2900 1638 fidei

660 1688 702 1753 J
705 1686 826 1751 affe
860 1687 1240 1753 Geschichte
1270 1686 1570 1753 Kourads
1601 1689 1716 1753 III.
1752 1708 1814 1771 p.
1855 1688 1935 1752 79
1973 1688 2047 1753 N.
2084 1687 2189 1750 30.
2252 1683 2383 1751 Sed
2415 1678 2897 1766 autographum,

664 1791 834 1875 quod
877 1793 944 1857 in
987 1793 1296 1859 tabulario
1341 1794 1779 1877 Marburgensi
1824 1778 2217 1875 asservatur-J
2271 1792 2410 1857 sine
2455 1789 2646 1854 dubio
2691 1786 2899 1872 genui-

661 1920 812 1964 num
859 1906 970 1964 est.
1043 1901 1264 1983 Itaque
1310 1901 1567 1985 Stumpf
1602 1903 1745 1966 loco
1792 1901 2125 1966 verborum
2177 1900 2306 1984 „IV
2337 1899 2557 1964 Nonas
2591 1886 2894 1978 Augusti“

661 2006 792 2091 legi
834 2007 994 2071 vult:
1065 2007 1236 2092 „1111
1267 2009 1485 2073 Nonas
1529 2001 1749 2092 Maji“.
1821 2008 1907 2071 At
1952 2008 2142 2072 etiam
2186 2005 2347 2070 haec
2394 2004 2759 2089 conjectura
2800 2019 2900 2065 ne-

663 2114 945 2205 cessaria
989 2134 1134 2179 esse
1178 2114 1332 2178 mihi
1376 2134 1506 2178 non
1550 2113 1815 2197 videtur,
1866 2133 2069 2197 neque
2100 2114 2267 2179 enim
2297 2117 2490 2178 testes
2522 2110 2674 2176 dato
2708 2109 2903 2192 diplo-

661 2220 816 2285 mati
861 2219 975 2284 sed
1019 2220 1112 2285 rei
1157 2225 1378 2302 gestae
1423 2220 1781 2286 interfuisse
1828 2242 1908 2286 ex
1953 2221 2162 2287 verbis
2216 2226 2447 2305 „testes
2496 2217 2611 2283 sub
2645 2234 2927 2311 quorum·

662 2326 981 2409 presentia
1023 2326 1140 2407 hec
1185 2333 1329 2391 aeta
1360 2332 1422 2392 et
1450 2327 1698 2392 firmata
1742 2322 1923 2393 sunt“
1962 2328 2257 2411 sequitur.
2326 2328 2506 2391 Inter
2535 2345 2670 2390 rem
2702 2329 2902 2388 autem

662 2438 906 2515 gestam
953 2438 1016 2497 et
1059 2422 1340 2515 diploma
1383 2432 1600 2497 datum
1646 2433 1959 2501 interdum
1988 2437 2325 2500 multorum
2358 2433 2633 2517 spatium
2666 2430 2901 2497 dierum

663 2544 726 2603 et
769 2526 1078 2604 mensium
1124 2559 1266 2604 esse
1311 2540 1530 2623 potuit,
1583 2540 1660 2606 cf.
1697 2540 1821 2607 duo
1870 2562 2032 2625 quae
2078 2542 2259 2607 attuli
2304 2540 2596 2623 exempla
2642 2536 2903 2602 Kanzlei

663 2645 962 2710 Konrads
993 2647 1076 2710 ΙΙ.
1127 2667 1188 2730 p.
1226 2648 1330 2711 69.
1402 2647 1613 2730 Atque
1657 2668 1771 2713 rex
1818 2648 1924 2731 qui
1974 2650 2055 2713 21
2092 2647 2151 2712 d.
2188 2648 2427 2713 mensis
2457 2646 2609 2713 Julii
2642 2666 2699 2710 a.
2737 2643 2901 2709 1146

663 2752 889 2817 Ulmae
949 2758 1086 2816 erat
1129 2747 1414 2836 (Stumpf
1451 2748 1657 2836 3521)
1712 2755 1860 2821 inde
1917 2777 2067 2821 vero
2127 2776 2243 2839 per
2288 2754 2636 2820 Saxoniam
2693 2757 2906 2817 contra

663 2858 940 2923 Polonos
987 2858 1328 2923 exercitum
1361 2858 1556 2943 duxit,
1605 2860 1778 2926 haud
1809 2861 1996 2928 dubie
2028 2883 2084 2928 a.
2120 2860 2180 2927 d.
2217 2862 2308 2927 IV
2353 2880 2556 2926 nonas
2587 2860 2903 2943 Augustas

664 2963 908 3030 Fuldae
953 2984 1096 3031 esse
1141 2966 1343 3049 potuit
1386 2961 1492 3049 (cf.
1527 2968 1696 3033 Jaffe
1740 2970 1779 3033 l.
1816 2963 1905 3052 1.).
1956 3004 2043 3013 --
2092 2967 2279 3047 Quod
2324 2967 2409 3033 ad
2453 2967 2757 3033 formulas
2802 2986 2905 3030 no-

665 3056 778 3137 stri
824 3070 1187 3155 diplomatis
1233 3074 1480 3156 attinet,
1541 3075 1733 3159 longe
1778 3075 1846 3139 id
1894 3076 2251 3141 chartarum
2297 3095 2463 3141 saee.
2497 3076 2597 3139 XI
2646 3074 2905 3139 similius

664 3198 807 3244 esse
853 3198 1041 3261 quam
1084 3182 1427 3264 praecepta
1470 3181 1755 3247 Lothar'ii
1784 3183 1900 3247 ΠΙ.
1936 3184 2124 3249 facile
2168 3182 2435 3249 videbis,

844 3322 961 3387 No,
997 3321 1104 3386 45.
1179 3322 1542 3405 Diplomate
1595 3323 1718 3389 hoc
1765 3345 1907 3390 cum
1952 3346 2027 3391 eo
2076 3323 2247 3409 quod
2292 3323 2616 3408 praecedit
2663 3343 2906 3408 compa-

665 3432 802 3494 rato
846 3427 1175 3511 intelleges
1209 3434 1538 3511 utrumque
1570 3450 1652 3495 ex
1682 3451 1811 3496 una
1841 3438 2029 3516 atque
2061 3432 2286 3499 eadem
2316 3432 2586 3497 formula
2610 3432 2907 3515 seriptum

667 3552 828 3617 esse,
881 3534 981 3599 cui
1025 3534 1093 3599 in
1139 3534 1360 3627 charta
1393 3536 1833 3603 Hersfeldensi
1878 3554 2087 3621 pauca
2133 3539 2215 3605 de
2260 3538 2553 3622 eligendo
2600 3537 2905 3605 advocato

666 3628 729 3705 et
789 3638 869 3705 de
927 3660 1056 3705 non
1121 3642 1690 3724 „inbeneficiandis
1708 3638 1740 3671 “
1803 3645 1987 3711 bonis
2050 3646 2414 3713 monasterii
2472 3645 2695 3711 addita
2749 3650 2902 3710 sunt.

665 3747 887 3830 Itaque
933 3747 1225 3813 Conrado
1257 3750 1372 3813 ΙΠ.
1421 3770 1574 3833 rege
1630 3771 1757 3815 non
1816 3753 2022 3818 solum
2068 3752 2273 3819 eid-em
2318 3752 2605 3819 homines
2653 3788 2742 3797 -
2787 3751 2905 3815 duo

535 3919 543 3925 ,
665 3852 932 3917 Arnoldi
990 3890 1078 3897 —
1135 3855 1459 3938 utriusque
1517 3858 1699 3940 regni
1760 3864 1822 3924 et
1875 3860 2081 3925 Italici
2140 3866 2202 3926 et
2250 3860 2609 3927 Germanioi
2670 3859 2906 3926 cancel-

665 3959 864 4025 lariae
909 3968 1272 4046 praeerant,
1322 3983 1539 4028 verum
1587 3964 1793 4051 etiam⁴
1822 3965 2062 4032 eisdem
2105 3967 2391 4034 formulis
2449 3969 2513 4033 in
2563 3964 2905 4033 scribendis

667 4064 1029 4150 diplomatis
1077 4068 1318 4134 Italicis
1365 4076 1554 4153 atque
1602 4070 1996 4139 Germanicis
2041 4076 2393 4140 utebantur.

844 4209 962 4274 No.
996 4209 1103 4273 46.
1173 4210 1477 4295 Diploma
1529 4212 1655 4278 hoc
1704 4213 2232 4299 Fridericianum,
2298 4236 2423 4300 quo
2480 4215 2693 4283 omnia
2746 4216 2908 4281 bona

670 4318 732 4377 et
775 4315 1109 4398 privilegia
1153 4318 1463 4383 ecelesiae
1491 4319 2125 4405 Brandenburgensis
2172 4323 2633 4406 confirmantur,
2684 4344 2765 4388 ex
2805 4321 2906 4387 tri-

668 4419 785 4483 bus
831 4421 1002 4521 aliis·
1041 4422 1188 4485 huic
1244 4424 1637 4507 episcopatui
1694 4428 1773 4492 ab
1836 4428 2065 4495 Ottone
2090 4430 2159 4525 Ἰ.
2204 4430 2521 4495 Heinricis
2552 4431 2635 4494 II.
2687 4436 2751 4495 et
2792 4430 2904 4493 ΠΙ.
