3209 5434
652 2888 659 2899 .
730 2825 923 2868 manu
990 2809 1209 2868 nostra
1264 2804 1523 2888 propria
1580 2786 1833 2871 subter*
1851 2805 2012 2870 illud
2067 2805 2592 2872 convirmavimus

2578 20 2603 24 ..
2686 20 3067 78 Taffi'‘''
3136 22 3141 25 .

1805 506 1892 573 84

722 664 1067 751 Iphahove,
1116 641 1480 761 Testilebam
1529 664 1876 748 Bleihfeld‚
1925 664 2440 729 Heilacbrunnen
2485 670 2548 729 et
2591 662 2850 746 Loufen‚
2899 664 2969 727 in

722 772 822 838 his
866 772 1040 837 fiscis
1101 778 1163 837 et
1205 771 1375 838 villis
1423 771 1757 837 dominicis
1815 791 1929 837 scu
1981 771 2046 835 in
2093 769 2434 855 praedictis
2479 772 2666 855 pagis
2711 776 2841 835 tam
2887 768 2970 835 de

720 879 862 945 illa'
889 878 1137 946 decima
1195 898 1451 962 census,
1513 899 1703 962 quam
1762 879 1843 944 de
1889 879 2060 943 omni
2107 878 2523 961 collaboratu,
2584 878 2751 962 quod
2807 878 2970 963 ipsis

722 986 908 1052 fuerit
960 987 1341 1069 laboratum,
1403 986 1488 1051 ad
1541 984 1935 1070 praedictum
1979 985 2189 1050 locum
2243 1006 2361 1051 sua
2407 985 2774 1051 auctoritate
2821 1004 2970 1049 con-

725 1093 1084 1160 cessissent.
1158 1093 1490 1177 suggessit
1536 1094 1726 1157 etiam
1771 1098 2152 1157 memoratus
2201 1099 2262 1158 et
2293 1093 2672 1158 venerabilis
2714 1092 3012 1177 praesul?

723 1200 953 1265 Thioto
1011 1221 1140 1265 una
1196 1220 1338 1265 cum
1396 1199 1700 1265 Bobbone
1758 1200 2016 1281 comite,
2090 1204 2158 1264 ut
2211 1198 2370 1265 haec
2427 1200 2651 1265 eadem
2705 1199 2788 1265 ad
2830 1198 2973 1284 jam

728 1307 962 1373 dictam
1018 1306 1397 1373 aecclesiam
1446 1313 1667 1372 nostra
1712 1306 2082 1373 auctoritate
2129 1306 2657 1373 confirmaremus.
2735 1306 2970 1371 Eorum

727 1414 1149 1499 petitionibuS,
1200 1414 1350 1498 quia
1384 1412 1601 1499 justae
1647 1420 1709 1479 et
1745 1414 2162 1480 rationabiles
2207 1414 2384 1480 visae
2431 1421 2575 1481 sunt
2620 1414 2821 1497 nobis,
2869 1434 2968 1479 as-

726 1541 982 1588 sensum
1047 1521 1314 1587 libenter
1383 1521 1817 1605 praebuimus,
1890 1528 1952 1586 et
2015 1520 2322 1606 jussimus
2400 1522 2459 1588 ei
2527 1522 2648 1587 hoc
2716 1527 2969 1587 nostrae

724 1628 1115 1695 auctoritatis
1164 1634 1569 1712 praeceptum
1629 1628 1780 1694 inde
1821 1629 2150 1711 conscribi,
2202 1649 2314 1713 per
2359 1627 2530 1710 quod
2575 1628 3007 1694 decernimus0

726 1736 1108 1818 firmiterque
1144 1734 1460 1818 jubemuS,
1510 1741 1593 1817 ut,
1646 1736 1808 1801 sicut
1838 1741 2086 1801 constat
2117 1735 2196 1799 ab
2229 1735 2469 1801 eisdem
2497 1735 2970 1819 gloriosissimis

728 1842 981 1926 regibus
1038 1840 1143 1905 vel
1197 1840 1682 1925 imperatoribus
1738 1842 2041 1926 praefatis
2087 1842 2361 1926 Pippino
2418 1843 2687 1926 scilicet,
2745 1842 2971 1907 Karlo·

728 1967 992 2031 mannO,
1054 1947 1461 2031 Hludowico,
1522 1948 1789 2014 Arnolfo
1845 1956 2033 2039 atque
2079 1949 2459 2015 Chuonrado
2505 1949 2586 2015 de
2630 1948 2970 2034 praedictis

728 2056 913 2140 pagis
962 2061 1024 2120 et
1070 2055 1238 2121 villis
1284 2055 1613 2139 praefatae
1659 2055 2012 2123 aecclesiae
2069 2076 2468 2140 concessum,
2528 2057 2619 2122 ita
2671 2056 2971 2140 deinceps

728 2163 961 2228 nostris
1020 2169 1083 2228 et
1139 2163 1461 2249 perpetuis
1520 2164 1906 2247 temporibus
1975 2184 2090 2248 per
2150 2164 2316 2229 hanc
2369 2169 2651 2228 nostram
2707 2162 3020 2229 auctori-ff

653 2330 665 2341 „
727 2276 921 2335 tatem
966 2276 1333 2354 permaneat
1379 2269 1839 2352 confirmatum,
1899 2277 1961 2335 et
2013 2271 2221 2336 nullus
2269 2292 2348 2336 ex
2400 2269 2691 2336 fidelibus
2737 2270 2971 2336 nostris

730 2395 844 2442 seu
901 2376 1197 2459 quislibet
1251 2377 1445 2440 ullam
1493 2378 1874 2442 calumniam
1931 2385 2039 2442 aut
2082 2376 2575 2461 inquietudinem
2627 2377 2972 2443 rectoribus

730 2488 1115 2549 memoratae
1144 2482 1498 2548 aecclesiae
1545 2490 1654 2548 aut
1698 2483 1835 2569 ejus
1881 2485 2185 2550 ministris
2231 2484 2441 2550 facere
2475 2489 2840 2569 praesumat
2869 2485 2974 2550 vel

732 2588 979 2656 audeat.
1050 2590 1133 2653 Et
1176 2595 1244 2654 ut
1288 2588 1409 2655 hoc
1454 2598 1863 2675 praeceptum
1907 2591 2118 2657 verius
2167 2589 2459 2656 credatur
2504 2598 2567 2657 et
2610 2612 2725 2676 per
2765 2591 2974 2656 futura

728 2703 1016 2782 tempora
1071 2718 1113 2761 a
1170 2697 1429 2781 cunctis,
1467 2697 1759 2763 fidelibus
1819 2698 2053 2765 nostris
2123 2698 2486 2782 diligentius
2549 2704 2968 2779 conservetur,
2995 2710 3030 2755 10

2603 2772 2639 2837 ‘f
2659 2813 2722 2871 et
2779 2804 2971 2889 sigilli

730 2910 930 2977 nostri
973 2910 1393 2995 impressione
1436 2911 1729 2996 insigniri
1772 2914 2230 2997 praecepimus.

1053 3052 1317 3137 Signum
1364 3048 1578 3118 domni
1625 3054 1906 3120 Heinrici
1952 3050 2072 3138 (M)
2119 3054 2509 3121 serenissimi
2554 3055 2740 3138 regis.

1052 3160 1273 3227 Simon
1319 3162 1732 3226 cancellarius
1767 3161 1851 3225 ad
1881 3162 2084 3228 vicem
2115 3162 2405 3245 Herigeri
2437 3161 2970 3248 archicappellani

1156 3268 1496 3350 recognovi
1544 3274 1605 3333 et
1651 3269 2016 3352 subscripsi.
2087 3264 2180 3353 (S.
2217 3265 2322 3353 R.)
2391 3268 2488 3351 (L.
2524 3265 2621 3353 S.)
2979 3255 3012 3298 ²5

731 3406 903 3471 Data
924 3406 1015 3471 VI
1047 3406 1186 3473 idus
1210 3409 1465 3493 Aprilis,
1496 3429 1663 3475 anno
1695 3410 2146 3477 incarnationis
2171 3411 2427 3477 Domini
2451 3411 2963 3492 DOOGCXXIII‚

731 3512 1075 3578 indictione
1134 3515 1200 3597 Ι,
1279 3523 1585 3599 regnante
1651 3518 1948 3583 Heinrico
2026 3519 2306 3601 glorioso
2367 3539 2519 3602 rege
2593 3539 2759 3584 anno
2819 3518 2965 3583 1111.

732 3617 959 3684 Actum
1022 3620 1089 3685 in
1147 3623 1287 3687 loco
1346 3623 1853 3707 Quitilingoburg
1919 3630 2299 3708 nuncupato.
2395 3626 2472 3691 In
2531 3626 2656 3691 Dei
2722 3624 2970 3690 nomine

729 3723 995 3791 feliciter
1040 3748 1240 3794 amen.

825 3900 893 3947 Ex
913 3903 1193 3962 autographo
1224 3905 1273 3950 in
1293 3905 1515 3953 tabulario
1538 3906 1802 3955 Monacensi
1834 3910 2082 3955 asservato.
2133 3907 2282 3965 Sigilli
2315 3908 2553 3967 inscriptio
2580 3910 2634 3959 ÷
2661 3905 2974 3953 HEINRICVS

917 3979 1052 4028 REX.
1109 3983 1160 4028 In
1191 3985 1319 4041 signo
1352 3988 1676 4044 recognitionis
1716 3991 1851 4033 notae
1896 3988 2228 4045 significantes:
2275 3987 2431 4034 Simon
2472 3987 2678 4033 notarius
2712 3986 2894 4045 scripsit
2925 3988 2976 4031 et

922 4062 1217 4119 subsignavit.
1267 4064 1447 4111 Editum
1480 4066 1602 4125 Mon.
1623 4067 1746 4111 Boic.
1769 4066 2004 4123 XXVIID,
2030 4070 2137 4113 161.
2178 4068 2414 4114 Wirtemb.
2433 4067 2601 4125 UB.11,
2623 4068 2748 4119 438„
2771 4088 2816 4097 -
2855 4064 2978 4112 Boh-

920 4156 1031 4198 mer,
1063 4142 1174 4200 Reg.
1195 4143 1303 4202 imp.
1326 4147 1401 4191 42.
1454 4145 1652 4205 Stumpf,
1683 4145 1797 4203 Reg.
1821 4147 1864 4191 7.
2223 4140 2230 4146 ’
