3209 5434
1399 515 1525 579 183

336 669 653 735 Huillardi
701 670 928 737 divisio
975 675 1127 755 apta
1172 677 1298 756 est,
1360 679 1421 738 et
1465 676 1725 739 nomina
1770 675 1994 758 quibus
2043 680 2309 757 quatuor
2322 680 2587 757 ‘genera

335 777 644 861 distinxit,
695 779 774 843 ab
820 798 940 844 usu
986 778 1287 861 loquendi
1331 780 1524 846 medii
1567 781 2057 865 aevirecedunt.
2129 782 2229 845 Ita
2257 800 2387 846 non
2415 788 2586 848 recte

337 885 654 951 mentione
701 885 897 968 sigilli
941 885 1113 950 facta
1158 886 1294 952 sive
1339 908 1467 953 non
1514 889 1685 954 sacta
1716 889 1962 954 litterae
2006 893 2265 971 apertae
2311 894 2373 952 et
2416 888 2585 953 clau-

336 1011 448 1057 sae
512 990 891 1057 dividuntur.
972 994 1262 1076 Namque
1317 1015 1398 1061 ne
1453 996 1695 1061 litteras
1754 995 2007 1079 quidem
2063 995 2315 1059 clausas
2370 994 2583 1077 sigillo

337 1099 620 1165 caruisse
679 1099 979 1182 probatur
1035 1099 1158 1165 hoc
1215 1102 1356 1170 1080
1403 1102 1682 1167 Conradi
1736 1101 1817 1167 de
1860 1103 2039 1167 Mure
2094 1088 2486 1184 (Rockinger
2530 1102 2581 1186 I,

335 1206 421 1270 47
427 1199 530 1288 9)‚:
594 1205 974 1288 generaliter
1031 1206 1166 1271 sive
1219 1208 1428 1273 littera
1489 1210 1572 1273 sit
1630 1209 1849 1273 clausa
1893 1209 1997 1273 vel
2042 1194 2263 1292 aperta
2308 1207 2585 1290 sigillum

335 1312 420 1377 sit
473 1310 556 1377 de
611 1332 760 1377 cera
825 1313 1060 1377 recenti
1131 1318 1246 1378 etc.
1341 1315 1440 1379 Ita
1493 1316 1777 1381 Heinrici
1822 1316 1928 1380 VI.
1997 1315 2281 1398 diploma
2337 1314 2594 1399 Stumpf

335 1420 514 1485 4779
563 1418 906 1484 secundum
936 1418 1334 1485 Huillardum
1380 1421 1726 1507 litterarum
1760 1422 2119 1486 clausarum
2148 1421 2215 1485 in
2259 1440 2585 1487 numerum

334 1524 734 1591 referendum
791 1533 989 1611 esset,
1063 1528 1299 1612 quippe
1357 1527 1422 1591 in
1483 1548 1605 1610 quo
1665 1550 1868 1612 neque
1923 1528 2157 1594 mentio
2214 1528 2406 1611 sigilli
2472 1528 2587 1593 fiat

335 1652 544 1716 neque
588 1638 782 1699 testes
830 1641 1295 1699 enumerentur:
1355 1640 1566 1700 tamen
1625 1635 1793 1701 idem
1852 1656 1993 1701 cum
2040 1655 2095 1700 a.
2137 1636 2307 1699 1192
2352 1635 2584 1700 lectum

331 1745 521 1823 esset,
571 1740 637 1804 in
681 1740 911 1806 tabulis
960 1740 1041 1806 de
1084 1741 1207 1806 hac
1251 1762 1320 1806 re
1363 1742 1615 1825 publice
1664 1742 1916 1827 scriptis
1964 1746 2343 1807 memoratur
2384 1743 2583 1808 lectas

332 1867 478 1914 esse
532 1848 808 1933 „litteras
869 1860 1120 1933 apertae
1178 1848 1489 1932 sigillatas
1543 1850 1755 1932 sigillo
1802 1849 2041 1914 domini
2084 1849 2345 1913 Henrici
2389 1849 2583 1933 impe-

331 1948 600 2021 ratoris“
675 1949 984 2038 (Toeche‚
1050 1955 1444 2021 Jahrbucher
1509 1956 1850 2022 Heinrichs
1909 1957 2017 2021 VI.
2093 1949 2267 2038 623).
2364 1957 2585 2039 Neque

227 2088 230 2090 “
334 2062 591 2128 omnino
636 2061 877 2126 litteras
925 2063 1178 2127 clausas
1225 2068 1414 2145 atque
1459 2068 1715 2147 apertas
1762 2063 2047 2129 formulis
2093 2063 2255 2128 inter
2286 2082 2357 2127 se
2389 2061 2583 2128 distu-
2692 2094 2705 2108 -

331 2169 484 2234 lisse
531 2168 826 2233 arbitror:
877 2188 1004 2251 qua
1047 2189 1116 2233 re
1163 2167 1460 2235 distincta
1502 2170 1737 2236 fuerint
1782 2169 1904 2235 duo
1950 2170 2297 2235 litterarum
2326 2190 2579 2254 genera,

331 2282 396 2341 et
441 2276 700 2340 nomina
743 2275 889 2359 ipsa
934 2275 1166 2340 docent
1210 2282 1272 2341 et
1316 2278 1543 2360 probat
1587 2277 1747 2343 altei-
1777 2279 1954 2343 loeus
1988 2275 2264 2343 Conradi
2295 2275 2375 2341 de
2404 2277 2583 2343 Mure

330 2376 724 2465 (Rockinger
769 2382 808 2445 l.
846 2376 932 2464 8.)
994 2382 1100 2465 qui
1158 2382 1341 2449 dicit:
1411 2385 1606 2467 „Item
1667 2386 1723 2450 si
1782 2386 1990 2450 littera
2034 2384 2222 2450 debet
2267 2383 2477 2449 claudi
2522 2389 2585 2449 et

331 2488 549 2572 aliqua
596 2489 873 2554 continet
919 2496 1190 2573 secreta,
1254 2496 1385 2555 tam
1439 2492 1734 2575 provide,
1796 2498 1927 2557 tam
1986 2492 2293 2557 subtiliter
2351 2511 2583 2575 conpo-

332 2602 514 2661 netur
574 2603 636 2661 et
692 2595 1109 2681 conplicetur,
1169 2618 1250 2663 ne
1309 2598 1450 2681 quis
1511 2601 1714 2664 malus
1772 2599 1961 2664 etiam
2018 2599 2228 2681 sigillo
2272 2619 2402 2663 non
2445 2600 2581 2665 leso

333 2709 643 2768 secretum
700 2702 880 2768 litere
938 2704 1274 2787 investiget
1331 2706 1546 2788 aliqua
1590 2706 1852 2771 ratione.
1932 2707 2091 2771 Item
2134 2706 2319 2771 litera
2364 2705 2583 2772 clausa

331 2809 608 2875 exterius
656 2828 768 2873 seu
817 2831 857 2875 a
901 2815 1079 2899 tergo
1125 2811 1358 2877 habeat
1405 2812 2004 2897 superscriptionem
2050 2806 2209 2877 cet.“

511 2917 654 2981 Non
715 2917 922 2999 aptior
979 2923 1102 3002 est,
1159 2904 1232 2982 ut
1287 2920 1597 2984 vocabulo
1660 2920 1869 3002 logico
1938 2918 2135 2991 medii,
2201 2918 2362 2985 aevii
2420 2923 2579 3003 utar,

339 3022 733 3109 „differentia
778 3017 1139 3107 specifica“,
1190 3044 1318 3107 qua
1346 3024 1716 3091 Huillardus
1763 3027 2004 3092 litteras
2050 3031 2304 3110 apertas
2351 3030 2414 3090 et
2455 3025 2582 3109 pri-

330 3131 567 3213 vilegia
633 3130 840 3195 minus
910 3131 1241 3197 sollemnia
1309 3131 1613 3215 distingui
1681 3134 1830 3198 vult.
1939 3132 2344 3198 Enumeratio
2414 3131 2581 3197 enim

330 3237 581 3303 testium
633 3236 718 3302 ad
763 3242 1006 3303 ceteras
1055 3238 1311 3303 chartae
1357 3245 1571 3324 partes
1620 3260 1843 3323 parum
1890 3240 2189 3305 momenti
2232 3238 2451 3323 habet,
2504 3260 2580 3305 88

329 3366 642 3430 persaepe
667 3343 929 3409 duorum
955 3344 1365 3429 diplomatum
1395 3366 1656 3430 prorsus
1690 3347 1987 3412 similium
2006 3348 2074 3427 in
2104 3347 2300 3413 altero
2328 3346 2581 3413 testium

329 3452 564 3518 mentio
608 3452 698 3535 fit,
742 3473 872 3517 non
916 3452 987 3515 fit
1030 3453 1098 3517 in
1118 3455 1359 3532 altero.

511 3558 690 3636 Quae
737 3580 878 3624 cum
922 3560 1014 3624 ita
1059 3560 1212 3642 sint,
1273 3559 1430 3624 mihi
1488 3560 1698 3644 potius
1746 3560 2258 3645 distinguendum
2304 3580 2448 3626 esse
2489 3560 2579 3626 vi-

331 3666 515 3733 detur
559 3667 722 3731 inter
768 3686 847 3731 ea
892 3665 1238 3750 diplomata
1283 3686 1444 3750 quae
1474 3652 2044 3751 promulgationem
2074 3668 2309 3733 habent
2336 3662 2579 3752 (notum

330 3774 415 3840 sit
461 3773 750 3838 omnibus
799 3768 945 3856 eto.)
991 3778 1179 3856 atque
1225 3794 1303 3837 ea
1348 3792 1509 3855 quae
1555 3774 2016 3840 salutationem.
2087 3775 2209 3839 Illa
2237 3780 2579 3859 praecepta
2700 3766 2707 3774 ’

329 3900 444 3946 seu
506 3880 844 3964 privilegia
887 3900 1077 3963 voco,
1137 3900 1400 3962 quorum
1463 3881 1794 3947 sollemnia
1848 3876 2303 3966 (invocatione,
2362 3901 2577 3946 mono-

329 3993 698 4071 grammate,
747 3987 1180 4071 recognitione
1224 3982 1556 4071 instructa)
1590 4009 1643 4069 ‚a
1686 3989 1891 4054 minus
1938 3989 2343 4055 sollemnibus
2387 3985 2577 4072 (quae

329 4094 432 4159 his
488 4093 772 4159 formulis
830 4088 1074 4177 carent)
1131 4092 1412 4178 sejungo,
1505 4096 1683 4159 Haec
1739 4094 2043 4161 mandata
2100 4096 2235 4161 sive
2286 4096 2511 4161 breves
2528 4089 2577 4177 ¹)

334 4200 725 4286 appellanda
770 4220 914 4267 esse
957 4221 1116 4285 reor,
1169 4220 1430 4283 quorum
1462 4202 1787 4283 generalia
1817 4197 2131 4285 (omnibus
2162 4202 2394 4269 Christi
2423 4202 2575 4269 fide-

509 4428 552 4494 ι)
589 4427 680 4482 vel
714 4425 908 4483 brevia
943 4424 1013 4481 cf.
1051 4426 1270 4483 tabulas
1307 4426 1456 4498 apud
1493 4426 1715 4483 Toecbe
1749 4428 1845 4483 1.1.
