3209 5434
1403 510 1524 574 181

337 664 622 749 (nostrae
668 668 1056 735 collectionis
1099 669 1175 734 N.
1205 669 1264 733 6.
1293 668 1398 733 23.
1428 663 1543 751 24)
1589 668 1912 733 concessis
1960 670 2375 753 compositum
2422 689 2583 752 esse,

339 775 446 858 qui
491 776 610 841 has
657 775 908 841 chartas
956 776 1119 841 inter
1164 794 1234 840 se
1281 774 1758 860 comparaverit,
1810 776 1998 841 facile
2044 776 2383 860 intelleget.
2455 778 2587 841 Eas

336 881 529 966 igitur
561 884 981 949 cancellariae
1009 880 1318 948 Friderici
1349 883 1398 947 Ι.
1435 881 1519 947 ad
1550 882 2047 947 confirmandum
2078 881 2395 947 exhibitas
2442 902 2586 948 esse

338 995 602 1055 constat.
697 989 832 1071 Sed
884 996 1216 1074 praeterea
1266 989 1636 1074 episcopum
1692 981 2371 1073 Brandenburgensem
2422 990 2584 1055 alias

336 1096 646 1179 quasdam
697 1097 1072 1181 scriptiones
1119 1096 1418 1161 habuisse
1463 1102 1526 1161 et
1570 1097 2024 1163 monstravisse
2070 1097 2324 1181 probari
2354 1102 2580 1181 potest.

333 1204 568 1269 Nostro
624 1204 791 1269 enim
851 1204 1182 1288 diplomati
1235 1204 1637 1271 enunciatum
1683 1202 1764 1269 dc
1812 1202 2188 1268 concambio
2229 1202 2392 1269 inter
2423 1203 2584 1268 Con-

333 1308 558 1375 radum
583 1310 1132 1395 archiepiscopum
1152 1309 1765 1393 Magdeburgensem
1791 1316 1853 1375 et
1864 1310 2192 1394 Wigerum
2216 1311 2583 1395 episcopum

333 1415 967 1501 Brandeburgensem
998 1416 1167 1483 facto
1198 1416 1500 1482 insertum
1544 1423 1659 1501 est,
1708 1416 1787 1482 de
1818 1436 1942 1500 quo
1976 1416 2343 1485 concambio
2376 1416 2584 1482 adhuc

334 1525 558 1589 saltem
591 1524 768 1607 regia
799 1524 1187 1590 confirmatio
1219 1524 1402 1590 nobis
1446 1524 1702 1607 cognita
1745 1544 1872 1607 non
1920 1529 2042 1607 est3
2091 1524 2326 1589 bullam
2374 1530 2581 1589 autem

332 1631 688 1697 Innocentii
710 1633 792 1696 H.
823 1653 880 1697 a.
907 1632 1076 1697 1139
1103 1631 1183 1698 de
1215 1652 1289 1698 eo
1315 1631 1528 1696 datam
1561 1629 1760 1697 edidit
1782 1630 2160 1713 Sagittarius
2184 1626 2277 1713 (in
2301 1631 2577 1716 Boysen‚

331 1738 566 1803 Histor.
599 1739 894 1822 Magazin
925 1740 1008 1823 II,
1041 1734 1175 1822 45).
1242 1738 1556 1822 Similiter,
1608 1737 1778 1822 quod
1820 1737 1902 1802 ad
1936 1737 2306 1805 donationes
2338 1738 2581 1821 Wigeri

333 1851 396 1910 et
425 1845 818 1911 Willimanni
870 1846 1254 1911 monasterio
1301 1846 1358 1910 b.
1393 1846 1635 1911 Mariae
1678 1846 1747 1909 in
1793 1844 2043 1911 Lezeke
2088 1844 2291 1911 factas
2339 1846 2577 1927 attinet,

331 1972 435 2018 res
495 1972 638 2018 sese
693 1952 927 2018 habere
977 1950 1242 2018 videtur.
1329 1951 1811 2019 Observandum
1872 1958 2080 2018 autem
2140 1959 2261 2037 est,
2323 1974 2403 2018 cx
2453 1952 2579 2037 pri-

331 2060 499 2143 legio
547 2060 830 2125 Heinrici
875 2061 957 2125 H.
1007 2062 1272 2125 alteram
1316 2060 1840 2143 promulgationis
1899 2060 2231 2126 formulam
2276 2056 2580 2143 (Proinde

332 2166 609 2232 omnium
660 2166 943 2232 fidelium
989 2160 1138 2248 etc.)
1184 2165 1567 2250 descriptam
1614 2187 1784 2251 esse,
1847 2187 1989 2231 cum
2033 2168 2207 2251 prior
2252 2188 2331 2233 ex
2377 2165 2579 2250 diplo-

330 2280 498 2339 mate
543 2274 826 2340 Heinrici
855 2276 971 2339 ΙΠ.
1008 2272 1343 2357 desumpta
1389 2273 1485 2338 sit.
1536 2309 1626 2318 -
1672 2275 1844 2338 Inter
1889 2278 2083 2340 testes
2132 2281 2351 2339 contra
2394 2292 2577 2339 usum

331 2382 751 2447 cancellariae
795 2380 1269 2446 Fridericianae
1316 2381 1596 2445 marchio
1630 2380 2078 2464 TheodericuS,
2131 2381 2276 2448 Otto
2324 2386 2386 2447 et
2415 2380 2576 2446 Con-

328 2487 522 2554 radus
583 2490 882 2573 palatini,
945 2486 1305 2554 Ludovicus
1354 2488 1745 2572 lantgravius
1795 2495 1941 2554 ante
1988 2488 2182 2554 duces
2229 2488 2578 2554 Suevorum

328 2596 866 2661 Karinthanorum
922 2596 1351 2677 nominantu13
1413 2594 1491 2660 cf.
1529 2596 1690 2660 alias
1737 2594 1976 2669 Laudis
2026 2595 2249 2661 eodem
2294 2601 2577 2679 tempore

328 2701 513 2769 datas
561 2703 812 2769 chartas
859 2702 1116 2787 Stumps
1153 2703 1346 2769 3908.
1388 2704 1489 2766 11.
1530 2704 1631 2768 12.
1673 2703 1773 2768 13.

506 2810 807 2893 Diploma
850 2809 989 2877 vice
1037 2810 1578 2875 archicancellarii
1624 2809 1848 2890 Italici,
1899 2829 2027 2874 non
2073 2808 2435 2875 Germanici
2480 2828 2573 2874 re-

329 2916 650 3001 cognitum
708 2924 820 2982 est.
903 2916 1153 2984 Etenim
1210 2918 1276 2982 in
1334 2917 1718 2983 cancellaria
1762 2916 2070 2981 Friderici
2111 2917 2161 2980 Ι.
2214 2922 2275 2981 ct
2325 2935 2573 2981 succes-

329 3044 542 3089 sorum
587 3023 724 3108 ejus
771 3023 827 3088 is
873 3042 1026 3088 usus
1074 3029 1225 3106 erat,
1276 3031 1344 3089 ut
1375 3025 1633 3089 chartae
1663 3024 1730 3087 in
1762 3023 1948 3088 Italia
1981 3022 2170 3088 datae
2200 3024 2339 3089 vice
2372 3022 2572 3088 archi-

326 3131 769 3214 episcoporum
837 3130 1333 3214 coloniensium,
1417 3130 2111 3196 archicancellariorum
2180 3131 2431 3214 Italiae3
2504 3131 2571 3195 in

328 3237 670 3304 Germania
727 3237 914 3303 datae
957 3238 1099 3303 vice
1143 3236 1765 3321 archiepiscoporum
1810 3237 2413 3321 Moguntinensium,
2476 3259 2571 3304 ar-

327 3343 949 3414 chicancellariorum
1007 3343 1416 3427 Germaniae3
1489 3344 1762 3427 denique
1831 3344 1896 3408 in
1952 3344 2322 3427 Burgundia
2382 3343 2571 3411 datae

324 3452 464 3518 vice
510 3452 1131 3535 archiepiscoporum
1162 3450 1630 3535 Viennensium,
1682 3452 2382 3517 archicancellariorum
2416 3451 2569 3517 Bur-

324 3558 601 3643 gundiae
659 3564 1276 3641 recognoscerentur.
1362 3559 1546 3637 Quod
1611 3565 1911 3642 quantum
1969 3559 2049 3624 ab
2107 3577 2226 3624 usu
2286 3565 2356 3644 ‚et
2407 3558 2568 3624 Con-

323 3664 464 3731 radi
493 3666 610 3731 III.
656 3661 762 3749 (cf.
809 3685 1002 3749 supra
1046 3667 1122 3733 N.
1169 3665 1256 3730 45
1315 3661 1557 3750 annot.)
1617 3672 1678 3731 et
1732 3686 1950 3748 regum
2012 3671 2073 3729 et
2126 3664 2569 3748 imperatorum

325 3784 493 3838 saec.
527 3774 626 3859 XI
671 3767 776 3857 (cf.
812 3773 1080 3839 Kanzlei
1110 3772 1410 3839 Konrads
1441 3775 1524 3838 ΙΙ.
1559 3794 1622 3857 p.
1662 3766 1773 3855 16)
1820 3768 2083 3856 differat,
2135 3771 2339 3854 quivis
2379 3771 2567 3838 facile

321 3880 644 3963 intellegit.
933 3889 936 3893 '
1265 3896 1270 3900 ·

503 4094 620 4159 No.
657 4094 762 4159 47.
845 4093 1147 4178 Diploma
1206 4092 1356 4177 hoc,
1421 4093 1600 4178 cujus
1657 4111 1807 4177 pars
1867 4097 2105 4156 tantum
2162 4097 2349 4157 antea
2394 4091 2567 4157 edita

325 4205 486 4283 erat,
551 4220 692 4265 cum
739 4205 1046 4285 appareat
1089 4200 1300 4265 multis
1347 4200 1532 4265 rebus
1579 4200 1659 4265 ab
1706 4219 1782 4265 eo
1831 4198 1999 4289 quod
2044 4198 2397 4283 praecedit,
2448 4198 2565 4264 dif-

324 4306 524 4391 ferre,
573 4328 782 4392 pauca
825 4307 948 4374 hoc
992 4310 1132 4374 loco
1180 4306 1261 4373 dc
1304 4327 1374 4372 re
1419 4307 1828 4392 diplomatica
1872 4306 2251 4373 Staufforum
2295 4306 2565 4391 impera-

329 4420 532 4481 torum
589 4414 955 4481 annotanda
1008 4435 1150 4480 esse
1197 4414 1366 4479 duxi.
1449 4414 1679 4480 Omnia
1724 4415 1962 4480 saeculi
2006 4414 2071 4479 X
2116 4421 2178 4480 ct
2220 4415 2317 4479 XI
2363 4414 2564 4499 diplo-
