3209 5434
1377 515 1462 581 27

299 673 471 741 Salsi
500 673 907 758 nominatum,
957 653 1129 758 quod
1159 675 1303 759 ipsa
1330 695 1446 760 pro
1478 673 1694 740 divino
1726 694 1939 740 amore
1970 672 2054 740 ad
2088 673 2537 739 monachorum

299 781 493 846 vitam
540 787 602 846 et
647 781 932 864 regulam
976 780 1064 846 ibi
1095 781 1543 866 perpetualiter
1573 780 2033 846 observandam
2066 801 2105 845 a
2132 779 2537 844 fundamento

299 886 569 971 primum
615 886 988 969 aedificavit,
1039 907 1120 952 ex
1150 888 1439 972 portione
1469 894 1725 953 nostrae
1742 882 1789 968 ¹)
1819 887 2220 971 proprietatis
2252 885 2537 952 dedimus
2572 929 2579 935 -

301 991 460 1058 duas
508 993 840 1076 ecclesiam,
901 1013 1092 1057 unam
1135 993 1203 1058 in
1248 994 1661 1078 Lupenste-in‚
1723 994 1986 1058 alteram
2040 993 2102 1056 in
2150 991 2539 1058 Sveichusan

300 1105 363 1163 et
420 1098 579 1163 duas
640 1100 992 1184 cappellas,
1055 1120 1245 1164 unam
1301 1100 1366 1165 in
1411 1099 2050 1166 Witheresheimvilla
2065 1149 2082 1181 ‚
2155 1100 2417 1163 alteram
2473 1097 2540 1162 in

301 1203 831 1270 Richeneshovan
891 1212 953 1271 et
995 1212 1122 1271 tres
1169 1207 1364 1271 silvas
1411 1204 1851 1271 Wirinthovva
1864 1255 1880 1288 ‚
1933 1205 2312 1289 Buochberg
2353 1210 2542 1286 atque

302 1310 762 1395 Sacchenholz‚
812 1312 1249 1378 Curtenhusan
1259 1307 1337 1396 ²),
1402 1311 1866 1378 Gravenhovan
1879 1361 1897 1394 ‚
1956 1311 2230 1396 Altorpf,
2291 1311 2544 1376 Muzen·

301 1417 504 1482 husan
554 1416 715 1483 sicut
744 1419 951 1485 Sorna
994 1425 1058 1484 et
1101 1418 1357 1484 Roraha
1398 1417 1615 1501 fluunt,
1667 1418 2038 1483 beneficium
2070 1410 2452 1500 Bbovonis³)
2482 1424 2545 1483 et

304 1522 431 1588 duo
475 1524 843 1590 molendina
885 1526 951 1590 in
995 1523 1253 1590 flumine
1282 1525 1487 1591 Sorna
1531 1526 1595 1590 in
1628 1545 1796 1611 pago
1828 1524 2086 1590 Alsazie
2125 1545 2201 1590 ac
2247 1523 2543 1590 comitatu

302 1630 655 1696 Eberhardi
701 1631 946 1697 comitis
981 1631 1295 1716 jacentia,
1359 1637 1545 1715 atque
1602 1631 1862 1697 easdem
1919 1650 2022 1696 res
2070 1649 2210 1695 cum
2255 1629 2543 1695 omnibus

303 1737 675 1803 utensilibus
737 1738 820 1803 ad
876 1759 987 1805 eas
1046 1738 1164 1804 rite
1218 1738 1675 1824 pertinentibus
1734 1738 1799 1802 in
1843 1737 2177 1827 mancipiis
2223 1736 2544 1818 utriusque

305 1862 514 1926 sexus,
566 1845 762 1928 arem,
812 1844 1147 1927 aedificiis,
1195 1846 1378 1911 terris
1425 1845 1607 1910 cultis
1659 1851 1722 1909 et
1764 1844 2035 1926 incultis,
2085 1843 2275 1927 agris,
2324 1842 2541 1926 pratis,

306 1950 576 2034 campiS,
627 1951 912 2034 pascum,
963 1951 1163 2046 vineis
1176 2001 1192 2034 ‚
1242 1951 1423 2035 aquis
1471 1970 1854 2034 aquarumve
1898 1950 2289 2032 decursibus,
2339 1949 2545 2032 pisca-

304 2055 599 2139 tionibuS,
647 2057 769 2122 viis
815 2064 879 2123 et
922 2058 1130 2141 inviis,
1179 2058 1449 2123 exitibus
1481 2064 1543 2122 et
1585 2056 1907 2140 reditibus,
1956 2056 2258 2140 quaesitis
2268 2048 2319 2137 ⁴)
2363 2060 2426 2120 et
2452 2053 2546 2118 in·

308 2162 632 2246 quirendis
681 2164 1048 2247 cunctisque
1092 2164 1234 2229 aliis
1280 2163 1695 2249 appendiciiS,
1745 2158 1929 2246 que⁸)
1958 2161 2085 2228 dici
2115 2162 2327 2245 aliquo
2356 2159 2545 2226 modo

307 2276 414 2334 aut
457 2270 768 2334 nominari
822 2276 1115 2354 possunt,
1177 2291 1218 2336 a
1271 2278 1487 2336 nostro
1538 2270 1684 2355 jure
1737 2270 1804 2335 in
1858 2268 2224 2335 monasterii
2282 2265 2548 2356 predicti

296 2373 406 2461 jus
463 2377 785 2461 proprium
839 2378 1003 2442 ultra
1055 2378 1142 2442 ibi
1198 2376 1558 2457 habendum
1626 2375 2095 2441 transfudimus,
2173 2374 2256 2439 Et
2310 2380 2379 2437 ut
2430 2371 2547 2452 hec

307 2482 507 2547 nostri
550 2483 831 2548 muneris
874 2484 1052 2567 regia
1095 2481 1439 2550 dominatio
1482 2485 1598 2568 per
1626 2483 1834 2548 sutura
1860 2465 2210 2567 temporum
2239 2478 2549 2545 curricula

307 2588 688 2655 inviolabilis
746 2590 911 2654 ultra
965 2598 1354 2682 perseveret,
1425 2589 1615 2675 hujus
1682 2589 1962 2675 precepti
2031 2587 2553 2671 compositionem

307 2694 457 2760 inde
502 2694 922 2781 conscriptam
981 2697 1173 2779 sigilli
1228 2697 1427 2762 nostri
1480 2696 1927 2781 impressione·
1950 2694 2204 2778 signare
2237 2692 2547 2778 jussimus

308 2821 623 2885 manuque
668 2803 942 2886 propria,
991 2809 1060 2873 ut
1084 2802 1268 2888 xinsi-a
1311 2802 1575 2885 videtur,
1625 2801 2183 2868 corroboravimus

629 2943 893 3026 Signum
937 2942 1152 3010 domni
1198 2944 1447 3011 Ottonis
1492 2939 1614 3028 (M)
1657 2940 2095 3028 gloriosissimi
2138 2940 2325 3024 regis.

629 3050 1032 3116 Hildibaldus
1077 3051 1417 3136 episcopus
1476 3057 1539 3116 et
1593 3048 2008 3115 cancellarius
2062 3047 2204 3113 vice
2247 3043 2548 3128 willigisi

735 3157 1197 3242 archiepiscopi
1242 3149 1598 3241 recognovi.
1669 3151 1768 3238 (L.
1803 3150 1900 3238 S.)

309 3298 480 3363 Data
524 3297 647 3363 VH
714 3297 1026 3363 kalendas
1095 3299 1136 3364 J
1138 3299 1410 3381 anuarii,
1480 3317 1650 3390 anno
1718 3294 2031 3376 dominice
2098 3291 2548 3360 incarnationis

309 3402 774 3487 DCCCCXCV‚
834 3403 1179 3472 indictione
1224 3406 1376 3488 VII,
1438 3424 1608 3469 anno
1654 3409 1861 3468 autem
1906 3402 2073 3468 tertii
2117 3401 2365 3468 Ottonis
2410 3418 2550 3482 reg-

309 3511 522 3576 nantis
565 3511 681 3576 XI.
751 3511 978 3578 Actum
1021 3511 1355 3578 Erenstein
1397 3509 1665 3577 feliciter
1706 3530 1909 3576 amen.

404 3667 473 3715 Ex
504 3667 682 3716 duobus
714 3667 1032 3728 autographis,
1073 3659 1190 3728 quac
1219 3667 1380 3728 paucis
1410 3664 1527 3714 locis
1559 3668 1763 3728 exceptis
1793 3667 1914 3713 iuter
1943 3678 1994 3715 ιο
2025 3655 2301 3723 congruunt,
2340 3662 2391 3708 in
2418 3659 2551 3707 tabu·

498 3747 613 3796 lario
646 3746 962 3794 Carlsruhcnsi
992 3747 1254 3794 acervatis.
1300 3746 1515 3808 Diplom
1542 3747 1781 3794 ineditum.
1818 3768 1867 3778 -
1904 3743 2089 3804 Stampf
2113 3743 2200 3790 No.
2218 3741 2357 3788 1031.

493 3969 536 4030 ι)
570 3970 775 4022 nostre.
813 3969 927 4021 aut.
958 3966 1022 4020 B.
1111 3965 1158 4032 ⁸)
1192 3963 1594 4020 Gustcnhusan.
1629 3968 1743 4020 aut.
1772 3965 1836 4019 B.
1932 3963 1976 4030 ⁸)
2014 3961 2312 4017 Bnovonis.
2352 3963 2465 4014 aut.
2483 3959 2549 4013 B.

309 4057 356 4125 ⁴)
393 4054 641 4129 quesitis.
678 4057 794 4110 aut.
819 4054 884 4109 Β.
990 4056 1034 4120 ⁸)
1069 4067 1196 4126 quc.
1233 4057 1347 4109 aut.
1371 4054 1436 4109 B.
