3209 5434
73 2175 80 2182 ι
116 2167 128 2178 Α
153 2163 164 2172 .

0 2184 8 2201 μ
32 2181 44 2198 v

287 686 489 752 missa
544 684 756 770 fuerit,
830 687 1006 751 nulla
1063 705 1360 770 umquam

287 791 538 858 hostilis
562 792 878 880 expeditio
894 792 1198 876 exigatur.
1225 794 1359 858 Nos

287 899 482 982 igitur
537 905 996 983 prememorato
1054 899 1359 984 archiepi-

289 1025 489 1090 soopo
535 1005 795 1090 ejusque
825 1005 1110 1090 petitioni
1142 1025 1359 1072 assen-

289 1131 431 1178 sum
475 1113 810 1196 prebentes
868 1118 929 1177 et
974 1113 1230 1195 insuper
1275 1112 1359 1176 ad

289 1238 685 1284 communem
714 1219 998 1283 utilitatis
1030 1238 1213 1283 usum
1236 1218 1358 1283 fra-

285 1325 488 1391 tribus
534 1325 600 1390 in
635 1324 774 1410 jam
819 1324 986 1391 dioto
1032 1325 1174 1390 loeo
1218 1325 1357 1390 Deo

285 1430 736 1498 famulantibus
781 1431 961 1496 arida
1015 1437 1078 1496 et
1129 1430 1358 1497 infruc-

1375 529 1454 594 17

287 1543 474 1604 tuosa
513 1539 690 1622 ligna
735 1537 801 1602 in
842 1544 1059 1604 nostro
1099 1538 1354 1622 foresto,
1377 1525 1392 1540 ”

287 1644 543 1711 Trieioh
566 1650 944 1729 nuncupato,
973 1664 1243 1729 superne
1265 1665 1358 1711 re-

287 1752 738 1818 munerationis
800 1751 1087 1836 inspeotu
1102 1802 1119 1835 ,
1178 1752 1358 1817 mini-

289 1859 634 1926 sterialium
657 1863 1012 1923 nostrorum
1034 1858 1205 1923 omni
1228 1878 1358 1923 mo-

287 1965 476 2031 lestia
519 1971 788 2047 remota,
848 1970 1036 2048 prout
1077 1965 1204 2041 illis
1249 1985 1358 2031 ne·

185 2105 220 2162 ,¹⁴2
290 2091 472 2138 cesse
517 2071 616 2155 sit,
660 2072 1107 2156 perpetualiter
1137 2092 1359 2138 conoe-

289 2175 541 2260 denteS,
604 2161 1088 2262 jussimus‘'hoo
1144 2186 1359 2261 nostre

290 2284 781 2349 confirmationis
803 2285 904 2349 vel
928 2285 1358 2351 concessionis

287 2389 425 2456 fieri
487 2391 935 2474 conscriptum,
1008 2410 1122 2475 per
1190 2391 1359 2474 quod

288 2496 574 2562 volumus
595 2581 600 2584 .
625 2497 1006 2580 firmiterque
1039 2497 1354 2583 jubemus,

288 2609 372 2686 ut,
394 2602 556 2668 siout
577 2604 685 2668 ille
699 2603 838 2688 jam
863 2603 1066 2669 dietus
1090 2604 1357 2689 impera-

287 2714 385 2774 tor
415 2697 1011 2794 prescriptaomnia
1039 2711 1360 2777 constituit

289 2821 478 2899 atque
535 2817 833 2900 firmavit,
906 2817 998 2882 ita
1056 2817 1356 2902 deinceps

287 2921 536 2988 firmata
589 2931 651 2988 et
703 2924 981 2990 stabilita
1032 2939 1359 3008 permane·

290 3036 416 3113 ant,
452 3030 690 3113 absque
713 3030 902 3097 ullius
924 3030 1356 3097 contradicen-

288 3135 370 3202 tis
414 3136 861 3219 inquietudine.
935 3137 1070 3219 Que
1111 3157 1259 3204 vero
1290 3136 1356 3201 in

291 3242 513 3308 eodem
535 3232 887 3311 invenimus
912 3249 1210 3329 precepto
1227 3245 1356 3309 Ka-

289 3349 408 3414 roli
428 3348 821 3435 imperatoris
845 3371 960 3436 pro
985 3358 1195 3433 eterne
1210 3351 1354 3415 bea-

289 3454 572 3520 titudinis
627 3475 743 3541 spe
801 3456 886 3521 ad
940 3456 1357 3540 prescriptum

288 3560 494 3626 looum
564 3561 700 3647 ejus
764 3562 1044 3646 adaugta
1100 3581 1356 3628 conoes-

291 3666 487 3749 sione,
523 3668 591 3733 id
621 3675 718 3734 est
745 3689 978 3734 nonam
1001 3675 1244 3753 partem
1277 3667 1357 3734 de

290 3772 459 3838 omni
490 3775 916 3858 conlaboratu,
951 3775 1246 3842 videlieet
1275 3773 1356 3840 de

289 3900 560 3964 annona,
605 3880 953 3966 friskingis,
987 3882 1135 3947 vino
1168 3887 1230 3948 et
1260 3903 1354 3946 ar-

287 3993 476 4070 gento
525 3992 588 4053 et
626 3988 692 4053 in
725 3989 1215 4071 quibuscumque
1260 4008 1354 4052 re-

287 4091 404 4159 bus
451 4094 561 4178 sit,
621 4115 702 4160 ex
745 4095 978 4161 nostris
1023 4093 1354 4159 indomini-

288 4199 446 4266 eatis
491 4200 689 4284 villis,
740 4221 1004 4284 quarum
1047 4200 1165 4282 heo
1209 4205 1356 4265 sunt

1465 686 1665 752 missa
1724 687 1945 770 fuerit,
2008 688 2183 754 nulla
2239 707 2535 772 umquam

1465 792 1715 858 hostilis
1736 792 2056 877 expeditio
2075 794 2379 877 exigatur.
2401 795 2535 860 Nos

1465 899 1656 983 igitur
1713 905 2172 983 prememorato
2226 900 2535 984 arehiepi-

1466 1025 1664 1089 soopo
1711 1005 1970 1091 ejusque
2000 1006 2288 1092 petitioni
2320 1027 2534 1072 assen-

1467 1132 1606 1178 sum
1660 1114 1995 1196 prebentes
2042 1119 2105 1178 et
2148 1113 2407 1197 insuper
2452 1113 2537 1179 ad

1466 1239 1860 1284 communem
1889 1219 2174 1285 utilitatis
2201 1240 2383 1285 usum
2413 1219 2536 1285 fra-

1463 1325 1661 1390 tribus
1708 1326 1774 1390 in
1809 1325 1947 1411 jam
1993 1325 2167 1412 dieto·
2207 1327 2350 1392 loeo
2395 1326 2535 1392 Deo

1463 1431 1911 1499 famulantibus
1958 1433 2141 1499 arida
2193 1440 2255 1499 et
2308 1432 2535 1500 infruc-

1465 1544 1651 1604 tuosa
1691 1539 1868 1622 ligna
1909 1539 1974 1604 in
2016 1545 2231 1604 nostro
2261 1545 2531 1623 voresto,

1465 1646 1718 1712 Trieioh
1743 1651 2121 1730 nuncupato,
2150 1665 2419 1730 superne
2442 1666 2535 1712 re-

1464 1752 1914 1818 munerationis
1975 1752 2262 1836 inspeotu
2275 1801 2292 1834 ,
2357 1752 2537 1818 mini·

1466 1858 1811 1924 sterialium
1833 1865 2188 1924 nostrorum
2211 1859 2383 1924 omni
2405 1879 2537 1924 mo-

1464 1965 1654 2031 lestia
1697 1971 1967 2048 remota,
2027 1970 2214 2049 prout
2255 1964 2383 2030 illis
2428 1984 2535 2030 ne-

1466 2091 1650 2138 eesse
1692 2071 1789 2154 sit,
1836 2071 2281 2155 perpetualiter
2314 2091 2535 2138 601166-

1467 2176 1718 2259 dentes,
1772 2176 2080 2262 jussimus
2140 2176 2263 2243 hoe
2320 2183 2534 2258 nostre

1467 2283 1958 2350 confirmationis
1977 2283 2079 2350 vel
2102 2283 2533 2349 concessionis

1465 2389 1603 2456 fieri
1664 2390 2114 2474 conscriptum,
2188 2411 2304 2475 per
2365 2389 2535 2474 quod

1465 2498 1755 2563 volumus
1801 2496 2180 2579 firmiterque
2214 2496 2528 2581 jubemus,

1464 2612 1532 2669 ut
1562 2605 1726 2669 siout
1754 2604 1859 2684 ille
1887 2601 2233 2688 jamdictus
2266 2602 2531 2687 impera-

1464 2718 1562 2778 tor
1591 2710 1946 2795 prescripta
1974 2709 2185 2775 omnia
2214 2709 2535 2775 constituit

1464 2817 1675 2900 adque
1722 2816 2022 2898 firmavit,
2081 2816 2171 2882 ita
2229 2815 2532 2901 deinceps

1463 2923 1712 2989 firmata
1765 2929 1827 2988 et
1880 2923 2159 2988 stabilita
2208 2906 2532 3006 permane-

1465 3036 1591 3114 ant,
1628 3031 1867 3114 absque
1890 3028 2077 3094 ullius
2103 3029 2533 3095 contradicen-

1462 3137 1545 3201 tis
1589 3135 2042 3219 inquietudine.
2116 3135 2251 3216 Que
2284 3136 2530 3201 vero'in

1465 3242 1691 3310 eodem
1713 3242 2066 3307 invenimus
2089 3247 2387 3326 precepto
2399 3243 2530 3307 Ka·

1462 3351 1581 3416 roli
1604 3347 2003 3434 imperatoris
2021 3368 2137 3433 pro
2155 3355 2364 3431 eterne
2385 3349 2530 3415 bea-

1462 3455 1745 3521 titudinis
1801 3475 1917 3541 spe
1973 3454 2061 3521 ad
2115 3457 2532 3541 prescriptum

1461 3564 1671 3628 looum
1741 3562 1878 3648 ejus
1935 3562 2208 3628 adaucta
2274 3583 2530 3629 conoes-

1463 3669 1660 3752 sione,
1694 3668 1763 3734 id
1793 3675 1889 3734 est
1918 3689 2153 3734 nonam
2175 3674 2420 3753 partem
2449 3668 2529 3735 de

1464 3775 1634 3839 omni
1664 3775 2090 3859 conlaboratU,
2125 3775 2419 3841 videlieet
2449 3774 2530 3840 de

1463 3901 1732 3962 annona,
1768 3881 1934 3965 vino,
1978 3863 2322 3965 frisgingis,
2359 3881 2524 3965 seno,

1462 3986 1740 4052 denariis
1802 3994 1864 4052 et
1914 3988 1981 4053 in
2036 3989 2527 4070 quibuscumque

1458 4095 1647 4159 rebus
1679 4093 1777 4175 sit,
1824 4113 1903 4158 ex
1933 4094 2167 4160 nostris
2198 4092 2528 4158 indomini-

1460 4200 1621 4265 oatis
1666 4199 1863 4284 villis,
1914 4220 2177 4284 quarum
2221 4199 2339 4282 heo
2384 4206 2531 4265 sunt

284 4306 568 4371 nomina:
631 4307 1070 4392 Fraoonofurt,
1134 4307 1353 4372 Tribu-
1458 4306 1743 4371 nomina:
1788 4307 2113 4373 Triburias
2154 4326 2296 4373 oum
2330 4307 2527 4372 omni-

286 4413 414 4477 rias
427 4462 445 4495 ,
506 4375 969 4542 pjngilenheim
979 4463 997 4497 ,
1045 4414 1354 4480 Krucina-
1461 4415 1576 4480 bus
1610 4414 1694 4478 ad
1728 4434 1869 4480 eam
1908 4413 2383 4499 pertinentibus,
2426 4415 2528 4479 In-

1994 4518 2030 4571 2
