3209 5434
1808 501 1891 561 Ge

726 658 889 739 Quia
953 659 1356 744 imperatorie
1414 658 1818 725 beatitudinis
1879 677 2123 721 summa
2195 657 2255 721 in
2311 657 2431 721 hos
2496 657 2808 737 censistit,
2876 665 2940 733 ut,

726 766 1024 851 quicquid
1072 765 1424 832 divinorum
1456 766 1674 831 usibus
1706 765 2146 856 obsequiorum
2185 770 2280 829 est
2308 765 2718 848 profuturum,
2767 765 2946 846 ipsius

725 874 1087 960 provisione
1143 872 1555 956 promotionis
1615 873 2003 938 incrementa
2051 871 2231 955 pacis
2288 871 2770 953 securitatisque
2823 888 2947 933 con·

722 979 918 1046 moda
962 979 1272 1063 sortiatur,
1322 987 1535 1046 nostre
1582 980 1945 1045 intentionis
1992 985 2090 1045 est
2132 978 2200 1043 id
2238 979 2462 1062 ipsum,
2513 984 2819 1061 quantum
2845 974 2951 1039 Dei

723 1086 1159 1153 misericordia
1203 1087 1622 1171 inspiraverit,
1672 1105 2030 1171 procurare.
2109 1086 2405 1151 Volentes
2451 1084 2643 1168 igitur
2684 1082 2949 1149 Herden·

724 1194 814 1260 sis
862 1193 1200 1276 ecclesiae,
1261 1214 1449 1277 quam
1495 1194 1761 1278 speciali
1805 1193 2009 1278 gratie
2052 1199 2267 1258 nostre
2310 1191 2527 1257 favore
2571 1190 2947 1276 respicimus,

723 1299 1161 1384 indempnitati
1173 1349 1190 1382 ,
1240 1307 1540 1383 quantum
1586 1302 1750 1385 licet,
1807 1302 1871 1366 in
1918 1306 2237 1385 posterum
2282 1318 2641 1383 precavere,
2689 1294 2952 1382 presenti

724 1407 963 1492 pagina
1009 1406 1301 1473 duximus
1350 1408 1859 1493 exprimendum,
1909 1406 2080 1490 quod
2127 1406 2457 1473 Cunradus
2502 1405 2684 1471 miles
2733 1405 2802 1469 in
2845 1404 2952 1467 Ru·

722 1513 1092 1579 lichesheim
1138 1514 1217 1579 ab
1266 1516 1392 1580 alto
1452 1516 1771 1600 visitatuS,
1831 1516 2040 1580 anime
2087 1534 2200 1580 sue
2256 1513 2590 1597 sollicituS‚
2654 1512 2723 1577 in
2769 1510 2954 1595 ipsius

724 1621 1069 1686 remedium
1127 1620 1435 1704 quasdam
1480 1622 1700 1688 vineas
1749 1643 1898 1689 suas
1946 1622 2116 1708 apud
2162 1619 2632 1688 Rulichesheim
2676 1639 2796 1704 per
2841 1636 2954 1682 ma·

723 1748 876 1792 num
920 1733 1202 1792 nostram
1257 1728 1648 1811 imperialem
1703 1737 1849 1814 post
1899 1730 2179 1814 ipsarum
2237 1728 2729 1812 resignationem
2786 1722 2956 1790 nobis

725 1833 960 1898 factam
1006 1832 1323 1898 Herdcnsi
1368 1836 1637 1901 ecclesie
1683 1835 1959 1920 donavit,
2012 1837 2228 1902 usibus
2273 1836 2413 1901 Deo
2465 1834 2620 1898 inibi
2664 1832 2955 1897 famulan-

726 1940 882 2005 tium
936 1939 1294 2026 profuturas
1309 1990 1326 2024 ,
1396 1962 1538 2008 cum
1597 1962 1759 2008 sana
1815 1943 2293 2027 deliberatione,
2354 1941 2586 2006 nullius
2642 1938 2956 2005 obstaculo

727 2047 1243 2114 contradictionis
1301 2048 1730 2133 prepediente.
1813 2051 2082 2135 Insuper
2136 2070 2218 2114 ne
2268 2047 2555 2133 predicta
2598 2046 2858 2113 donatio
2900 2044 2959 2108 in

727 2154 941 2237 aliqua
994 2163 1173 2241 parte
1228 2155 1595 2221 claudicans
1656 2156 1737 2221 ab
1784 2158 1912 2222 ullo
1969 2157 2176 2242 possit
2232 2155 2545 2238 cavillari,
2608 2152 2959 2239 prepositus

727 2259 1059 2326 Cunradus
1075 2311 1092 2344 ,
1158 2262 1267 2343 qui
1320 2269 1469 2328 tunc
1525 2264 1827 2347 temporis
1886 2264 1952 2329 in
2008 2268 2469 2349 prememorata
2527 2261 2802 2328 ecclesia
2857 2257 2961 2323 mi·

727 2365 1044 2449 nistravit,
1114 2367 1566 2450 premissamm
1632 2370 1958 2435 vinearum
2030 2370 2502 2455 possessionem
2576 2367 2962 2453 corporalem

728 2471 984 2538 nomine
1052 2474 1321 2540 ecclesie
1389 2495 1430 2539 a
1495 2495 1689 2539 manu
1755 2483 1972 2542 nostra
2038 2476 2386 2543 dinoscitur
2452 2476 2791 2560 recepisse.
2885 2472 2964 2538 Ut

729 2584 938 2644 autem
982 2578 1101 2644 hec
1144 2580 1421 2666 donatio,
1469 2588 1599 2648 tam
1645 2582 1753 2666 pio
1785 2584 2016 2650 affectu
2047 2584 2387 2650 liberaliter
2428 2590 2490 2649 e't
2518 2580 2963 2648 rationabiliter

729 2685 912 2750 nobis
958 2685 1378 2753 mediantibus
1423 2688 1613 2771 facta,
1664 2689 1841 2755 nulla
1885 2692 2220 2756 occasione
2266 2691 2332 2755 in
2375 2697 2698 2775 posterum
2743 2710 2785 2754 a
2821 2706 2962 2772 quo·

728 2790 881 2855 libet
936 2791 1341 2876 inpugnetur,
1403 2793 1489 2858 ad
1533 2793 1872 2879 cujuslibet
1926 2797 2280 2882 calumpnie
2327 2797 2789 2882 repressionem
2832 2813 2962 2879 pre·

731 2896 926 2962 sentis
973 2900 1185 2963 notule
1230 2899 1446 2983 apices
1493 2900 1685 2984 sigilli
1722 2903 1923 2968 nostri
1969 2904 2453 2970 communitione
2500 2904 2790 2969 duximus
2837 2922 2964 2969 cor-

728 3004 1044 3070 roborare.
1129 3006 1355 3072 Testes
1402 3013 1572 3072 sunt:
1635 3028 1848 3075 comes
1895 3010 2226 3077 Cunradus
2284 3011 2365 3077 de
2411 3011 2692 3093 Calewe‚
2756 3025 2963 3074 comes

729 3110 1037 3177 Rudolfus
1086 3111 1165 3177 de
1211 3113 1651 3198 Phullendorf,
1701 3116 2012 3182 Ebmarus
2059 3118 2139 3184 de
2184 3118 2663 3201 Leimersheim,
2712 3116 2965 3183 Wezelo

730 3216 813 3283 de
858 3219 1107 3302 Bergen
1122 3269 1139 3302 ,
1194 3220 1530 3286 Heinricus
1576 3224 1966 3289 marscalcus
2012 3223 2094 3289 de
2138 3224 2633 3316 Germershejm,
2684 3223 2834 3291 Otto
2891 3220 2966 3287 de

730 3323 1197 3391 Rulichesheim
1242 3334 1305 3391 et
1350 3328 1460 3392 alii
1506 3348 1696 3411 quam
1739 3330 1972 3413 plures.

909 3483 1076 3549 Acta
1118 3491 1264 3549 sunt
1297 3484 1416 3551 hec
1452 3487 1625 3571 apud
1660 3488 2145 3574 Rulichesheim,
2196 3511 2363 3558 anno
2411 3491 2725 3558 dominice
2767 3490 2967 3556 incar-

730 3590 1005 3657 nationis
1051 3591 1427 3658 MCLXXV.
1502 3593 1817 3660 Feliciter.

825 3764 891 3812 Ex
919 3766 1199 3827 autographo
1226 3768 1274 3813 in
1305 3766 1531 3815 tabulario
1556 3769 1873 3816 Carlsruhensi
1903 3773 2151 3817 asservato.
2198 3770 2412 3832 Diploma
2441 3774 2667 3829 integrum
2699 3771 2852 3820 adhuc
2881 3786 2970 3819 non

917 3844 1105 3903 editum,
1142 3849 1405 3907 excerptum
1436 3851 1586 3894 autem
1618 3850 1667 3895 in
1699 3850 1828 3896 Actis
1859 3849 2078 3895 Palatinis
2103 3850 2157 3907 ΙΙ,
2181 3851 2240 3898 75
2273 3853 2320 3897 et
2351 3851 2473 3911 apud
2503 3852 2654 3909 Mons,
2686 3853 2913 3911 Anzeiger
2939 3850 2971 3898 f.

918 3922 1080 3972 Kunde
1111 3924 1158 3971 d.
1191 3926 1443 3974 deutschen
1476 3927 1608 3974 Vorz.
1630 3927 1708 3983 VI,
1731 3929 1836 3975 369.
1877 3952 1926 3960 -
1965 3928 2148 3988 Stumpf
2175 3929 2260 3976 No.
2282 3931 2422 3978 4169.
