3209 5434
1698 466 1825 533 182
1858 557 1865 563 ,

633 634 808 693 mata
851 628 1030 711 regia
1067 662 1157 673 ——
1186 632 1438 712 praeter
1484 626 1708 692 breves
1754 620 1860 709 (cf.
1896 628 1973 692 N.
2016 626 2115 709 10,
2151 619 2345 709 ann),
2394 625 2647 690 chartas
2694 623 2871 689 dena-

636 735 828 801 riales
875 730 980 818 (N.
1018 737 1057 800 3
1091 728 1285 817 ann),
1335 732 1783 800 mundiburdia
1827 728 1931 816 (N.
1961 735 2048 799 20
2079 727 2256 816 ann.)
2296 734 2425 797 alia
2469 752 2676 817 pauca
2706 732 2873 797 char·

636 847 840 907 tarum
883 862 1120 925 genera
1150 877 1239 886 ——
1269 842 1431 907 inter
1473 861 1543 907 86
1575 841 1896 906 simillima
1937 860 2079 905 esse
2117 860 2303 905 nemo
2331 840 2605 923 negabit.
2657 838 2874 905 Omnia

637 948 955 1031 Grismon,
1014 948 1505 1031 invocationem,
1565 948 2131 1032 promulgationem
2184 941 2341 1029 (non
2396 938 2890 1027 salutationem),

637 1055 970 1121 formulam
1002 1055 1548 1137 corroborationiS,
1596 1055 2120 1138 subscriptionem
2154 1053 2343 1136 regiS,
2391 1053 2875 1137 recognitionem
2974 1076 2989 1083 ·

637 1159 1032 1244 cancellarii,
1099 1160 1372 1244 denique
1429 1162 1705 1245 sigillum
1761 1182 1837 1226 ac
1893 1167 2076 1226 notas
2138 1160 2619 1242 chronologicas
2660 1154 2872 1242 (diem,

638 1289 874 1335 annum
918 1269 1390 1350 incarnationis,
1440 1267 1867 1351 indictionem,
1918 1288 2151 1333 annum
2194 1267 2393 1350 regni,
2439 1260 2676 1347 locum)
2706 1285 2877 1349 prae-

637 1376 814 1441 bent:
864 1377 1099 1442 multae
1144 1380 1472 1459 praeterea
1502 1395 1768 1457 arenga,
1806 1373 2075 1440 formula
2104 1395 2369 1459 poenae,
2420 1373 2877 1439 enumeratione

638 1484 892 1548 testium
948 1483 1291 1547 instructae
1347 1487 1508 1547 sunt.
1580 1481 1741 1547 Inde
1794 1501 1945 1546 vero
1992 1503 2033 1546 a
2076 1480 2385 1546 Friderici
2414 1481 2465 1546 Ι.
2500 1480 2877 1564 temporibus

636 1590 760 1655 hae
816 1608 918 1655 res
975 1608 1235 1673 prorsus
1293 1594 1571 1654 mutatae
1627 1594 1788 1653 sunt.
1873 1589 2075 1653 Multa
2128 1589 2481 1653 invenimus
2540 1587 2880 1670 diplomata

637 1697 878 1761 formae
923 1696 1132 1760 minus
1180 1696 1520 1777 sollemnis,
1572 1702 1635 1759 et
1678 1701 1848 1760 recte
1882 1694 2023 1780 jam
2068 1696 2323 1761 saeculo
2360 1695 2523 1759 XIII
2556 1692 2878 1759 conradus

638 1803 720 1867 de
777 1804 956 1867 Mure
1014 1798 1405 1885 (Rockinger
1459 1803 1499 1867 1.
1544 1803 1584 1867 1.
1631 1823 1693 1885 p.
1741 1796 1904 1885 456)
1960 1802 2245 1886 scripsit:
2309 1801 2494 1886 „olim
2555 1801 2881 1885 privilegia

636 1908 1065 1975 formabantur
1140 1909 1320 1974 aliter
1377 1928 1564 1992 quam
1620 1910 1687 1973 in
1742 1909 2021 1993 presenti
2038 1902 2093 1974 “.
2190 1909 2481 1975 Virorum
2539 1907 2877 1990 doctorum,

639 2017 752 2100 qui,
794 2016 874 2081 de
919 2036 988 2081 re
1035 2015 1448 2099 diplomatica
1491 2015 1909 2100 scripserunt,
1968 2036 2151 2081 nemo
2200 2022 2491 2081 accurate
2538 2015 2883 2099 compluria

638 2143 874 2207 genera
920 2121 1332 2207 diplomatum
1377 2142 1544 2187 saec.
1574 2122 1707 2187 XII
1744 2129 1805 2187 et
1833 2122 1997 2187 XIII
2027 2122 2189 2188 inter
2220 2142 2289 2188 se
2322 2122 2609 2187 distinxit
2638 2126 2880 2206 praeter

637 2250 847 2312 unum,
882 2229 1570 2294 Huillard-BreholleS.
1635 2229 1755 2293 Ille
1784 2249 1935 2293 vero
1966 2229 2032 2293 in
2062 2229 2469 2313 praefatione,
2506 2250 2632 2312 qua
2660 2229 2879 2294 librum

640 2356 823 2404 suum
856 2337 1228 2420 inscriptum
1280 2336 1598 2419 „Historia
1630 2334 2040 2419 diplomatica
2068 2335 2377 2402 Friderici
2406 2337 2489 2401 II.
2525 2341 2589 2399 et
2616 2334 2879 2401 filiorum

639 2437 816 2528 ejus“
867 2443 1181 2527 instruxit,
1233 2448 1524 2526 quattuor
1554 2462 1793 2525 genera
1822 2442 2230 2527 diplomatum
2262 2443 2568 2509 Friderici
2598 2442 2879 2508 distinxit

640 2550 802 2621 haec
845 2545 1306 2633 (Introduction
1349 2570 1410 2633 p.
1446 2550 1679 2614 XXIII
1724 2544 1868 2633 ss‚):

752 2679 820 2767 a)
866 2684 1200 2768 privilegia
1231 2682 1562 2749 sollemnia
1592 2678 1959 2767 (privileges
1983 2682 2067 2747 du
2090 2682 2364 2767 premier
2390 2682 2600 2766 degn-i,
2637 2683 2877 2748 chal-tes

864 2785 1313 2872 sollennelles),
1351 2810 1511 2873 quae
1533 2789 1769 2855 habent
1790 2790 2269 2877 invocationem,
2297 2792 2874 2875 promulgationem,

863 2918 1356 2981 monogramma,
1406 2898 1902 2981 recognitionem
1948 2898 2328 2982 cancellarii,
2375 2897 2709 2963 formulam
2753 2917 2879 2961 cor-

865 3006 1316 3071 roborationis·
1369 3005 1756 3088 bipartitam,
1840 3009 2035 3071 testes
2051 3056 2068 3089 ,
2153 3011 2337 3071 notas
2406 3004 2877 3089 chronologicas

865 3132 1102 3196 omnes,
1152 3113 1454 3196 pleraque
1501 3112 1691 3176 etiam
1736 3132 2070 3196 arengam3

659 3206 666 3221 *
757 3229 823 3321 b)
868 3236 1202 3320 privilegia
1245 3236 1451 3301 minus
1499 3238 1831 3302 sollemnia
1877 3233 2246 3322 (privileges
2290 3236 2373 3302 du
2404 3237 2642 3303 second
2673 3234 2871 3321 degre,

867 3342 1117 3407 chartes
1163 3364 1291 3407 non
1337 3340 1745 3428 solennelles)
1798 3365 1959 3427 quae
2002 3345 2432 3427 invocatione,
2491 3364 2873 3427 monogram-

772 3512 778 3520 ,
865 3455 1034 3514 mate
1075 3449 1504 3532 recognitione
1535 3457 1780 3535 carent3
1831 3472 2070 3536 arenga
2113 3474 2258 3518 raro
2289 3453 2659 3537 praemissa,
2693 3456 2873 3517 testes
2930 3440 2941 3457 '

868 3576 1116 3640 semper
1158 3555 1420 3639 habent3

766 3675 827 3765 c)
871 3682 1118 3747 litterae
1165 3687 1422 3764 apertae
1467 3674 1709 3764 (lettres
1755 3679 2074 3767 patentes)
2132 3704 2295 3767 quae
2342 3689 2557 3750 carent
2600 3684 2870 3767 1681111118,

870 3808 1010 3852 011111
1055 3788 1288 3853 mentio
1336 3787 1530 3871 sigilli
1576 3809 1824 3873 semper
1866 3790 1934 3853 in
1980 3791 2071 3855 eis
2116 3791 2257 3873 fiat3

752 3907 826 3996 d)
871 3913 1118 3976 litterae
1150 3914 1406 3977 clausae
1435 3908 1677 3994 (lettres
1710 3908 1943 3996 closes)
1967 3934 2131 3995 quae
2164 3914 2603 3980 salutationem
2633 3915 2869 3996 habent,

873 4018 1068 4102 sigilli
1115 4020 1430 4084 mentione
1477 4025 1539 4083 et
1583 4018 1896 4084 interdum
1940 4022 2107 4087 notis
2144 4022 2603 4105 chronologicis
2652 4026 2869 4087 carent.

828 4152 1046 4218 Facile
1089 4152 1351 4236 videbis,
1403 4152 1742 4237 privilegia
1772 4154 2105 4219 sollemnia
2134 4153 2418 4239 ejusdem
2463 4174 2606 4219 esse
2649 4153 2877 4219 formae

561 4250 564 4252 “
649 4263 838 4340 atque
887 4259 1136 4324 chartas
1183 4280 1348 4325 saec.
1383 4261 1481 4324 XI
1525 4260 1658 4325 fere
1704 4279 1941 4345 01111168,
1989 4261 2230 4326 lit-teras
2263 4262 2515 4327 clausas
2544 4282 2695 4327 vero
2726 4261 2877 4346 ejus-

650 4362 795 4431 dem
843 4372 1031 4449 atque
1081 4366 1343 4450 „breves
1353 4359 1383 4393 “
1435 4364 1623 4451 hujus
1668 4368 1925 4433 saeculi.
2004 4368 2236 4434 Verum
2282 4368 2449 4435 enim
2491 4389 2643 4435 vero
2688 4386 2878 4453 neque
