3209 5434
1348 514 1430 580 81

266 672 346 737 ab
370 672 563 746 ,omni
620 672 701 739 de
749 679 956 739 cetero
1005 674 1351 739 exactionis
1398 674 1761 759 hujusmodi
1781 670 1829 758 ¹)
1877 680 1940 740 et
1993 677 2253 759 angarie
2299 697 2511 761 recep-

263 779 434 844 tione
492 800 568 845 ac
615 773 963 845 extortione
1012 800 1294 864 cessare,
1358 801 1542 846 usum
1596 781 1905 866 ejusmodi
1953 784 2214 866 ang-arie
2259 784 2360 850 vel
2407 785 2511 849 ub-

262 906 445 951 usum
503 887 713 970 potius
776 887 1154 972 abjurantes.
1239 888 1315 952 In
1379 888 1557 973 cujus
1619 888 1714 954 rei
1768 888 2204 954 testimonium
2247 911 2507 976 presens

264 993 565 1077 scriptum
612 995 822 1077 sigillo
869 1001 1084 1060 nostro
1131 996 1306 1078 regio
1344 994 1652 1079 jussimus
1701 996 2088 1061 communiri.

441 1118 676 1182 Datum
720 1120 1065 1184 Wormatie
1110 1120 1239 1183 XX
1272 1118 1373 1183 die
1402 1119 1658 1203 Aprilis,
1710 1119 1922 1185 indict.
1959 1121 2119 1204 XII,
2167 1141 2336 1222 anno
2383 1121 2507 1185 Du-

260 1222 415 1288 mini
458 1224 861 1307 MOOLXIX,
911 1226 1092 1309 regni
1136 1246 1285 1291 vero
1331 1226 1531 1290 nostri
1578 1246 1744 1291 anno
1791 1227 1939 1291 XII.

352 1360 420 1409 Ex
453 1362 655 1409 editione
690 1364 954 1412 Schunnatii
994 1364 1131 1423 (Hist.
1159 1365 1379 1412 Wormat.
1412 1363 1535 1423 134),
1573 1366 1739 1414 collata
1782 1380 1884 1413 cum
1923 1366 2041 1413 libro
2074 1381 2174 1427 cop.
2201 1365 2311 1413 ecel.
2338 1366 2507 1413 Wurm.

415 1427 427 1436 ⁶
446 1444 495 1489 in
526 1443 667 1490 tabul.
693 1444 1054 1492 Darmstadieusi
1086 1446 1319 1491 asservato
1354 1443 1490 1501 (saec.
1519 1444 1659 1503 XIV),
1688 1446 1771 1492 fol.
1799 1447 1844 1493 5.
1877 1471 1925 1479 -—
1956 1447 2215 1494 Editionem
2248 1447 2507 1493 Schannutii

447 1523 661 1581 repetivit
690 1523 839 1580 Pertz,
865 1524 987 1571 Mon.
1007 1524 1157 1572 Germ.
1172 1521 1291 1571 Hist.
1307 1524 1442 1582 Legg.
1462 1526 1517 1580 11,
1536 1527 1644 1572 382.
1699 1525 1860 1584 Li‘mig,
1886 1525 2214 1573 Reichsarehiv
2233 1526 2350 1584 XXI,
2375 1529 2507 1573 1314.

448 1602 656 1649 Gebauer
684 1604 810 1650 403.'
832 1627 878 1635 --
916 1604 1127 1661 Bohmer,
1157 1604 1270 1662 Reg.
1296 1604 1514 1651 Richardi
1545 1605 1631 1652 No.
1651 1607 1758 1651 111.

266 1867 388 1939 60.
478 1861 852 1938 Conradus
902 1863 953 1938 I.
1042 1864 1396 1940 ecclesiae
1478 1863 2058 1962 wirzburgensi,
2158 1826 2503 1965 episcopm

477 1986 880 2081 Thiodone,
936 1988 1460 2066 immunitatem
1514 1991 1910 2067 confirmat.
2018 1994 2194 2082 918,
2243 1990 2383 2065 Jul.
2431 1997 2499 2065 4.

472 2112 904 2190 Wirciburc.

444 2272 512 2339 O.
585 2274 661 2338 In
707 2274 961 2340 nomine
1008 2280 1267 2340 sanctae
1326 2280 1388 2343 et
1444 2273 1811 2341 individuae
1861 2274 2174 2339 trinitatis.
2258 2273 2503 2340 Chunu-

191 2371 197 2378 ’
256 2378 453 2445 radus
511 2380 729 2446 divina
789 2380 1120 2446 ordinante
1180 2380 1581 2465 providentia
1647 2389 1778 2447 rex.
1876 2381 2033 2447 Cum
2100 2380 2503 2466 petitionibus
2603 2409 2611 2413 ·

258 2507 581 2554 servorum
647 2488 771 2553 Dei
849 2509 965 2572 pro
1046 2489 1426 2571 quibuslibet
1501 2483 1955 2579 ecclesiasticis
2023 2488 2503 2553 necessitatibus

258 2614 444 2660 aures
501 2600 749 2660 nostras
795 2596 1183 2679 pulsantium
1227 2596 1494 2661 libenter
1542 2596 1833 2661 anuimus
1881 2601 1943 2661 et
1990 2594 2242 2661 divinae
2287 2605 2503 2679 pot-[211-

194 2710 221 2753 s
257 2703 382 2767 tiae
427 2702 494 2766 in
539 2701 697 2767 locis
744 2701 883 2767 Deo
931 2701 1158 2768 dicatis
1212 2703 1467 2768 uberius
1527 2702 1962 2768 famulandum
2007 2702 2310 2769 auxilium
2361 2725 2499 2785 pur-

256 2809 549 2893 rigimus,
609 2808 677 2873 id
733 2829 850 2874 nos
905 2810 1129 2893 procul
1175 2809 1365 2875 dubio
1416 2816 1479 2875 et
1524 2810 1608 2875 ad
1658 2812 1984 2876 mortalem
2029 2810 2222 2875 vitam
2267 2814 2503 2893 tempov

255 2904 471 2981 raliter
515 2915 952 2981 deducendam
1010 2923 1071 2981 et
1126 2915 1209 2981 ad
1255 2917 1527 2982 futuram
1572 2899 1868 2983 feliciter'
1886 2915 2289 3000 obtinendam
2337 2936 2499 2981 cum-

255 3023 513 3088 modum
579 3024 913 3107 provenire
984 3023 1375 3090 confidimus
1472 3024 1721 3089 Idcirco
1791 3030 2007 3089 notum
2043 3023 2154 3088 'sit
2215 3025 2499 3088 omnihus

255 3129 546 3195 fidelibus
578 3131 809 3196 nostris
841 3136 973 3195 tam
1003 3131 1441 3214 praesentibus
1473 3151 1662 3213 quam
1699 3137 1760 3196 et
1789 3130 2029 3211 suturiS,
2069 3129 2222 3211 quia
2251 3129 2455 3194 Thiud
2467 3153 2499 3193 11

169 3225 636 3303 'zevenerabilis
672 3238 1198 3319 Wirciburgensis
1232 3237 1583 3303 aecclesiae
1617 3238 1952 3322 episcopus
2003 3236 2225 3301 obtulit
2267 3241 2499 3301 nostris

257 3345 570 3410 obtutibus
635 3346 1066 3410 auctoritatem
1123 3344 1532 3412 immunitatis
1578 3333 1942 3409 Hludowici
1986 3342 2379 3427 imperatoris
2443 3349 2499 3405 et

255 3452 425 3535 regis
474 3452 861 3517 serenissimi
891 3451 1268 3535 Hludowici,
1318 3452 1383 3516 in
1416 3472 1543 3534 qua
1576 3451 2030 3534 continebatur,
2081 3450 2391 3534 qualiter
2379 3453 2499 3533 lpsi

188 3628 196 3635 ‚
256 3565 319 3625 et
348 3522 782 3657 antehfssores
817 3579 1030 3624 eorum
1063 3558 1504 3642 gloriosissimi
1543 3578 1728 3642 reges
1765 3552 2180 3643 [praedictam
2205 3553 2499 3637 sedenis}

257 3686 399 3731 cum
446 3668 731 3731 omnibus
788 3666 971 3731 rebus
1034 3672 1116 3729 et·
1148 3665 1505 3730 hominibus
1568 3664 1653 3730 ad
1701 3686 1770 3730 se
1819 3664 1993 3749 juste
2045 3664 2495 3747 pertinentibus

163 3794 194 3840 ,ς
256 3779 318 3839 et
372 3774 661 3857 legaliter
718 3773 1201 3857 asspicientibus
1256 3793 1507 3863 semper
1552 3772 1667 3837 sub
1714 3772 2086 3855 plenissima
2131 3769 2499 3835 defensiunc

256 3887 317 3945 et
384 3880 792 3945 immunitatis
849 3881 1113 3945 tuitione
1170 3880 1557 3944 habuissent.
1653 3880 1778 3943 Pro
1847 3878 2158 3944 firmitatis
2225 3897 2495 3957 namque

255 3987 462 4052 studio
524 3987 875 4071 postulavit
940 3993 1321 4052 memoratus
1377 3985 1626 4051 Thiodo
1697 3986 2034 4069 episcopus
2104 3991 2167 4049 et
2230 3982 2495 4048 dileetus

251 4093 460 4159 fidelis
526 4100 742 4159 noster
810 4094 1245 4159 excellentiam
1313 4099 1622 4174 nostram,
1705 4098 1772 4155 ut
1837 4111 1954 4175 pro
2026 4089 2224 4154 divini
2294 4089 2495 4154 cultus

256 4222 469 4268 amore
515 4208 578 4267 et
622 4185 872 4266 animae
908 4207 1162 4266 nostrae
1209 4198 1507 4283 remedio,
1567 4204 1637 4263 ut
1683 4205 1745 4263 et
1789 4218 1906 4263 nos
1953 4216 2054 4265 res
2090 4202 2165 4263 ‘et
2208 4196 2495 4262 homines

433 4427 474 4492 ι)
513 4432 637 4481 octo
673 4441 815 4496 quae
840 4431 1145 4495 sequuntur
1171 4424 1441 4481 vocabula
1464 4424 1669 4481 desunt
1692 4426 1747 4480 in
1774 4424 1908 4480 Cod.
1990 4423 2033 4489 Β)
2061 4424 2276 4525 Desunt
2301 4424 2356 4534 in
2383 4433 2495 4477 aut.
