3209 5434
1289 552 1377 618 45

207 711 425 771 nostro
438 706 792 791 justissimo
817 708 1023 774 edicto
1047 710 1150 774 vel
1173 716 1394 776 coacta
1423 711 1735 776 oboediat.
1780 712 1884 776 Ad
1914 713 2448 780 evidentissimum

207 812 421 895 itaque
468 814 716 896 signum
763 815 1048 880 omnibus
1095 821 1348 881 nostrae
1381 817 1677 900 imaginis
1710 819 1984 903 proponi
2013 821 2448 904 praecepimus

209 918 504 1002 sigillum.
577 914 674 1001 (L.
712 915 807 1003 S.)

304 1048 370 1096 Ex
411 1051 691 1110 autographo
728 1052 781 1098 *in
820 1052 1044 1098 tabulario
1086 1051 1416 1099 Hannoverano
1459 1056 1709 1100 asservato.
1766 1054 1975 1112 Sigillum
2016 1056 2183 1115 partim
2230 1056 2448 1104 avulsum.

395 1127 528 1174 Edid.
551 1130 698 1185 Pertz,
721 1131 841 1176 Mon.
866 1132 1014 1177 Germ.
1038 1130 1146 1177 hist.
1167 1132 1302 1189 Legg.
1326 1133 1382 1188 11,
1407 1135 1480 1179 38.
1514 1133 1803 1192 Hodenberg,
1824 1135 1962 1180 Verd.
1980 1135 2206 1194 Geschqu.
2224 1135 2279 1192 11,
2298 1137 2373 1182 29.
2398 1160 2444 1168 —

397 1207 582 1269 Stumpf
607 1211 746 1256 2127.
792 1210 1022 1268 Bresslau,
1054 1210 1245 1258 Kanzlei
1274 1211 1562 1268 Konrads11‚
1582 1212 1640 1259 R.
1663 1215 1769 1260 216.

213 1472 336 1543 31.
426 1466 798 1544 Conradus
835 1469 918 1545 ΙΙ.
976 1470 1362 1546 Brixianae
1423 1471 1814 1564 ecclesiae,
1873 1472 2222 1572 episcopo
2276 1473 2444 1550 Vel-

424 1591 706 1686 dericO,
793 1617 1042 1669 omnes
1122 1596 1628 1694 possessiones
1703 1597 2097 1673 confirmat.
2220 1603 2444 1692 1037,

422 1712 566 1792 Jul.
616 1724 735 1794 15.
824 1718 1148 1795 Caldera.⁴

387 1878 462 1941 In
519 1878 774 1942 nomine
845 1884 1105 1963 sanctae
1171 1884 1235 1944 et
1294 1879 1661 1965 individuae
1711 1879 2025 1945 trinitatis
2116 1878 2444 1948 Conradus

206 1984 524 2049 secundus
606 1984 833 2074 divina·
888 1984 1140 2050 favente
1207 1987 1541 2050 clementia
1606 1987 2031 2052 Romanorum
2106 1971 2444 2071 imperator

206 2109 456 2175 semper
501 2098 821 2174 augustus.
893 2093 1062 2156 Dum
1095 2091 1286 2176 justis
1333 2092 1612 2157 fidelium
1642 2099 1995 2158 nostrorum
2040 2093 2440 2177 petitionibus

205 2217 540 2264 assensum
584 2199 964 2284 prebuimus,
1023 2198 1376 2264 devotiores
1424 2219 1533 2264 eos
1579 2200 1647 2264 in
1691 2205 1905 2265 nostro
1954 2199 2253 2282 obsequio
2300 2218 2440 2285 pro-

205 2307 311 2371 cul
359 2305 547 2371 dubio
595 2306 942 2371 statuimus,
1015 2305 1412 2390 Quapropter
1457 2306 1733 2372 omnium
1777 2313 1995 2372 sancte
2025 2307 2147 2371 Dei
2178 2307 2444 2372 ecclesie

203 2419 684 2496 nostrorumque
725 2412 1006 2477 fidelium
1034 2413 1419 2497 presentium
1454 2413 1697 2496 scilicet
1737 2428 1798 2478 e1
1827 2413 2170 2495 futurorum
2202 2416 2444 2478 noverit

203 2518 534 2604 industria,
585 2526 800 2602 sancte
830 2520 1252 2585 Prixiensium
1297 2520 1562 2600 ecclesie
1607 2520 2031 2585 venerabilem
2075 2520 2440 2603 episcopum

205 2626 606 2692 Veldericum
649 2634 932 2692 nostram
972 2626 1364 2711 imperialem
1410 2625 1649 2690 adiisse
1695 2626 2106 2708 clementiam,
2157 2647 2279 2709 quo
2325 2647 2440 2712 pru

203 2733 331 2798 Dei
384 2754 597 2799 amore
653 2740 989 2817 nostreque
1033 2732 1310 2799 remedio
1359 2733 1565 2814 anime
1610 2734 1920 2818 imperiali
1968 2733 2337 2798 auctoritate
2382 2740 2444 2800 et

201 2846 444 2905 nostra·
477 2841 825 2925 preceptali
882 2841 1123 2925 pagina
1179 2839 1668 2906 concederemus
1723 2847 1941 2906 sancte
1985 2839 2286 2905 Brixiane
2344 2860 2440 2905 ec-

203 2947 401 3012 clesie
461 2946 750 3013 dedicate
808 2945 882 3012 in'
920 2946 1159 3012 honore
1213 2948 1394 3029 beate
1449 2967 1699 3031 semper
1744 2948 2009 3031 virginis
2053 2949 2269 3030 Marie²
2322 2968 2440 3032 que

203 3060 302 3120 est
334 3060 523 3138 caput
556 3054 756 3148 ipsius
790 3054 1114 3139 episcopii,
1157 3053 1556 3137 monasteria,
1608 3054 1913 3137 abbatias,
1965 3062 2188 3138 curteS‚
2222 3056 2440 3139 plebes

201 3161 306 3226 vel
352 3161 725 3245 scriptiones
772 3167 833 3226 et
888 3167 1216 3246 precepta,
1274 3161 1649 3226 nominatim
1694 3162 1969 3226 Montem
2016 3161 2099 3227 de
2144 3163 2440 3228 Castene=

203 3267 353 3333 dulo
423 3289 564 3334 cum
631 3268 794 3333 silva
862 3267 1229 3350 cunctisque
1297 3267 1451 3332 inibi
1517 3268 1973 3351 pertinentibus
2045 3275 2107 3334 et
2167 3276 2440 3334 montem

201 3374 483 3457 Dignum
540 3396 682 3440 cum
726 3395 840 3442 suo
889 3375 1149 3440 circuitu
1202 3375 1270 3439 in
1314 3374 1653 3458 integrum,
1713 3381 1929 3459 portas
1989 3376 2287 3459 civitatis,
2350 3375 2440 3440 di-

202 3480 487 3563 strictum
518 3483 1017 3548 ecclesiasticum
1063 3483 1434 3564 omnemque
1464 3481 1783 3570 publicam
1810 3482 2193 3548 functionem
2240 3483 2440 3567 ipsius

202 3588 474 3653 civitatis
532 3596 663 3654 tam
717 3590 886 3655 intus
946 3609 1132 3673 quam
1189 3587 1343 3653 foris
1403 3588 1468 3652 in
1527 3589 1789 3653 circuitu
1844 3609 1958 3673 per
2010 3591 2285 3672 quinque
2328 3591 2440 3656 mi-

200 3695 524 3761 liariorum
569 3697 791 3782 spatia,
843 3697 1061 3761 ambas
1107 3696 1367 3780 insuper
1401 3696 1573 3779 ripas
1608 3687 1931 3760 fluminum
1962 3695 2102 3762 Olei
2146 3695 2440 3761 videlicet

202 3809 265 3867 et
308 3803 526 3885 Melle,
576 3822 696 3886 que
742 3803 825 3868 ad
869 3809 1152 3869 nostram
1195 3802 1513 3887 publicam
1549 3801 2055 3887 jurisdictionem
2082 3792 2432 3886 pertinent,

200 3909 282 3974 ab
330 3894 422 3974 eis
468 3910 710 3975 scilicet
754 3910 938 3992 locis»,
999 3929 1079 3974 ex
1126 3910 1350 3992 quibus
1397 3909 1542 3993 ipsa
1588 3915 1853 3992 surgunt
1896 3928 2095 3992 usque
2142 3908 2290 3973 dum
2336 3929 2436 3974 ea-

201 4014 348 4080 dem
392 4014 650 4081 flumina
694 4016 759 4081 in
793 4016 1038 4081 Padum
1083 4015 1340 4081 fluvium
1383 4015 1635 4080 intrant.
1696 4015 1888 4100 Cujus
1937 4015 2147 4098 dignis
2192 4016 2436 4100 petitio-

198 4122 384 4186 nibus
431 4142 764 4188 assensum
806 4124 1158 4206 prebenteS‚
1207 4130 1393 4207 prout
1427 4121 1600 4205 juste
1648 4128 1710 4186 et
1754 4122 2042 4204 legaliter
2077 4142 2432 4208 possumus,

197 4229 631 4312 prenominate
692 4230 957 4310 ecclesie
1001 4229 1300 4311 Brixiane
1357 4229 1424 4292 iu
1479 4226 1719 4293 honore
1778 4228 1961 4310 beate
2006 4229 2204 4310 Marie
2262 4228 2436 4294 dedi-

199 4340 359 4417 cate,
410 4354 530 4418 que
578 4342 767 4420 caput
812 4342 907 4401 est
963 4335 1296 4420 episcopii,
1357 4335 1475 4416 hec
1522 4335 1737 4400 omnia
1794 4335 2082 4418 superius
2130 4355 2436 4421 expressa

195 4441 565 4506 nominatim
613 4442 931 4525 largimur,
979 4449 1281 4525 utrasque
1306 4443 1478 4527 ripas
1511 4441 1910 4526 supradictas
1941 4441 2265 4508 fluminum
2297 4443 2436 4510 Olei
