3209 5434
1738 500 1865 567 162

851 660 1188 725 Praeterea
1235 657 1698 724 observandum
1747 666 1845 724 est
1888 659 2007 724 has
2048 658 2573 724 manumissiones
2615 676 2913 741 praesen·

671 767 837 832 tibus
883 766 1054 849 regis
1098 766 1464 850 proceribus
1511 765 1649 830 fieri
1696 767 1915 831 solitas
1964 786 2133 848 esse,
2197 765 2375 851 cujus
2432 765 2522 829 rei
2569 764 2915 848 diplomata

673 874 978 939 nonnulla
1021 872 1164 956 ipsa
1207 873 1590 938 mentionem
1626 872 1865 938 faciunt
1894 867 2184 956 (Roziere
2214 871 2319 936 55.
2356 872 2461 935 59.
2474 868 2601 935 ”6Ο.
2668 867 2923 953 Stumpf

674 980 824 1045 632.
849 980 978 1044 699
1012 973 1176 1062 cet).
1249 979 1707 1063 Neglegentiae
1739 979 2009 1063 denique
2043 998 2275 1063 eorum,
2311 977 2419 1061 qui
2455 977 2807 1062 diplomata
2836 996 2916 1041 ex

671 1085 1078 1152 formularum
1125 1086 1300 1151 libris
1346 1086 1412 1151 in
1443 1086 1827 1151 cancellaria
1857 1085 2155 1151 adhibitis
2204 1086 2659 1168 describebant,
2709 1104 2915 1149 exem·
2962 1072 2969 1081 ’

673 1195 849 1285 plum
894 1193 1171 1259 notabile
1217 1190 1328 1256 dat
1373 1192 1593 1257 charta
1639 1193 1728 1258 St.
1766 1195 1895 1258 632
1944 1193 2121 1278 cujus
2166 1192 2363 1259 verba
2407 1198 2655 1275 „cetere
2699 1209 2915 1255 manu-

673 1293 930 1383 miss,e“,
980 1319 1122 1365 cum
1155 1299 1236 1371 de
1267 1318 1452 1365 servo
1481 1302 1765 1366 masculo
1798 1305 2039 1383 agatur,
2090 1318 2171 1364 ex
2205 1298 2491 1381 formula,
2528 1318 2654 1381 qua
2682 1296 2916 1361 femina

675 1405 986 1490 quaedam
1042 1407 1330 1472 libertate
1389 1405 1770 1490 donabatur,
1841 1406 2159 1491 descripta
2217 1426 2361 1472 esse
2414 1425 2599 1471 nemo
2659 1411 2758 1470 est
2812 1403 2915 1486 qui

672 1533 801 1579 non
845 1512 1076 1579 videat.

853 1656 970 1721 Nc.
1004 1656 1066 1719 4.
1137 1656 1236 1719 De
1281 1656 1422 1720 loco
1461 1649 1880 1739 „Nabepurg“
1931 1675 2054 1739 quo
2102 1654 2384 1739 diploma
2429 1653 2645 1719 datum
2692 1659 2790 1719 est
2833 1651 2907 1716 cf.

674 1762 1142 1827 annotationem
1173 1762 1432 1846 Stumpf
1453 1764 1568 1828 No.
1607 1764 1711 1827 26.
1761 1762 2149 1851 Inpartibus
2182 1761 2522 1844 RhenaniS,
2566 1761 2674 1825 ubi
2704 1780 2912 1843 regem

675 1869 846 1940 circa
900 1869 1142 1933 initium
1200 1890 1279 1933 m.
1315 1869 1488 1955 Julii,
1525 1891 1582 1935 a.
1619 1871 1752 1934 930
1806 1876 2124 1934 versatum
2175 1889 2318 1934 esse
2364 1868 2624 1933 chartae
2670 1864 2920 1951 Stumpf

675 1977 780 2042 27.
817 1977 901 2040 28
952 1976 1410 2059 demonstrant,
1474 1976 1613 2062 ejus
1659 1976 1930 2041 nominis
1976 1976 2155 2041 locus
2200 1976 2469 2041 inveniri
2514 1996 2643 2040 non
2688 1979 2907 2059 potest.

549 2154 556 2158 ,
673 2084 974 2168 Diploma
1020 2083 1225 2167 ipsum
1273 2084 1424 2166 quin
1469 2084 1809 2166 genuinum
1864 2084 1973 2167 sit,
2032 2103 2113 2148 ne
2167 2083 2427 2148 minima
2472 2082 2728 2165 quidem
2774 2101 2913 2146 esse

673 2186 881 2273 potest
927 2188 1265 2272 dubitatio3
1337 2190 1495 2255 nihil
1550 2191 1740 2273 igitur
1795 2191 1967 2255 aliud
2024 2197 2264 2256 restare
2321 2189 2595 2275 videtur,
2670 2190 2794 2254 nisi
2847 2194 2913 2253 ut

674 2301 783 2359 aut
827 2295 1143 2381 Stumpfii,
1209 2296 1315 2379 qui
1370 2298 1436 2362 II
1477 2297 1791 2363 kalendas
1838 2299 1878 2364 J
1879 2298 2011 2362 unii
2063 2298 2191 2380 legi
2236 2298 2369 2362 vult
2414 2302 2522 2362 aut
2568 2297 2759 2362 aliam
2803 2296 2912 2360 ali-

675 2421 863 2485 quam
911 2402 1271 2487 hujusmodi
1318 2404 1823 2469 emendationem
1868 2405 2271 2489 adoptemus3
2331 2404 2407 2469 cf.
2443 2405 2677 2487 Waitz,
2733 2402 2911 2469 Jahr-

673 2508 910 2574 bucher
966 2510 1302 2574 Heinrichs
1333 2511 1416 2593 I.,
1475 2532 1537 2594 p.
1579 2513 1736 2593 141,
1783 2512 1861 2577 N.
1897 2514 1957 2577 3.
2017 2546 2106 2555 ——-
2162 2511 2449 2577 Ceterum
2494 2517 2779 2575 nostrum
2822 2507 2912 2573 di-

673 2617 889 2699 ploma
931 2636 1147 2682 eorum
1179 2637 1340 2699 quae
1373 2638 1492 2702 ego
1523 2617 1658 2683 vidi
1687 2618 1969 2683 Heinrici
1999 2619 2047 2683 Ι.
2084 2616 2618 2702 autographorum
2647 2617 2912 2701 primum

675 2729 788 2806 est,
841 2723 1008 2805 quod
1055 2724 1220 2788 notis
1268 2725 1798 2807 quasitironianiS,
1849 2732 1916 2789 ut
1960 2725 2049 2790 ita
2084 2725 2310 2808 dicam,
2361 2731 2550 2789 caret.
2622 2725 2699 2788 In
2731 2724 2911 2805 signo

674 2830 840 2893 enim
887 2830 1338 2912 recognitionis
1395 2831 1552 2896 nihil
1611 2832 1735 2897 nisi
1789 2832 2062 2897 lineolae
2120 2830 2433 2914 quaedam
2493 2830 2907 2911 inveniuntur,

676 2955 838 3018 quae
895 2936 1176 3019 intellegi
1234 2956 1362 3001 non
1418 2944 1713 3021 possunt,
1773 2959 1979 3021 neque
2034 2939 2119 3004 ad
2176 2922 2669 3021 intellegendum
2727 2936 2912 3003 desti-

674 3048 863 3107 natae
909 3048 1070 3107 sunt.
1141 3042 1385 3109 Eadem
1428 3065 1530 3109 res
1577 3045 1642 3109 in
1691 3044 2035 3129 diplomate
2080 3045 2336 3131 Stumpf
2372 3046 2453 3109 31
2505 3044 2792 3110 occurrit.

852 3184 968 3263 No.
1004 3184 1066 3249 5.
1147 3185 1564 3251 Observanda
1634 3193 1733 3251 est
1797 3188 2120 3271 perbrevis
2187 3194 2257 3262 et,
2303 3207 2531 3271 pressa
2584 3185 2910 3270 conceptio

676 3288 1057 3375 diplomatiS,
1108 3293 1209 3356 cui
1253 3299 1466 3358 tamen
1495 3293 1672 3357 nulla
1702 3314 1934 3378 earum,
1986 3315 2149 3376 quae
2195 3301 2534 3360 consuetae
2580 3300 2745 3377 sunt,
2792 3293 2910 3358 for-

674 3398 981 3461 mularum
1027 3399 1216 3481 plane
1263 3398 1456 3465 deest.
1536 3400 1851 3484 Imprimis
1909 3401 2201 3485 praecisa
2255 3407 2350 3466 est
2392 3401 2664 3466 formula
2708 3418 2910 3465 corro-

675 3502 1019 3568 borationis
1068 3504 1319 3569 omissis
1365 3506 1591 3570 verbiS.
1667 3507 1889 3591 „Quod
1921 3513 1988 3570 ut
2017 3508 2225 3573 verius
2259 3500 2586 3573 credatur“
2640 3514 2757 3572 cet.
2803 3525 2911 3571 seu

675 3610 1012 3693 similibus,
1075 3629 1239 3691 quae
1283 3612 1585 3677 mentioni
1629 3614 2185 3698 monogrammatis
2234 3619 2296 3677 et
2350 3613 2545 3697 sigilli
2602 3612 2911 3697 praemitti

675 3717 881 3781 solent
925 3716 1055 3781 fere
1102 3737 1366 3800 semper,
1418 3718 1634 3784 confer
1677 3720 1904 3785 librum
1949 3741 2158 3786 meum
2194 3720 2462 3785 Kanzlei
2496 3720 2798 3785 Konrads
2827 3720 2908 3801 Π,

674 3842 737 3907 p.
773 3824 894 3905 493
945 3823 1178 3905 Sickel,
1227 3824 1390 3889 Acta
1419 3825 1799 3892 Karolorum
1829 3828 1880 3911 I,
1916 3828 1955 3904 ἓ
1989 3830 2093 3893 64.

854 3964 970 4029 Nc.
1008 3966 1067 4030 6.
1151 3964 1310 4031 Inde
1366 3987 1407 4030 a
1451 3967 1655 4051 pridie
1707 3967 2021 4055 kalendas
2066 3970 2273 4056 Majas
2332 3968 2482 4033 anni
2528 3967 2659 4033 948
2718 3988 2915 4051 usque

676 4070 759 4135 ad
789 4070 978 4136 finem
1009 4070 1292 4155 ejusdem
1323 4073 1474 4138 anni
1518 4074 1584 4139 in
1617 4075 1903 4140 omnibus
1936 4076 2185 4141 Ottonis
2216 4078 2266 4141 Ι.
2304 4076 2667 4161 diplomatis
2712 4094 2913 4141 annus

676 4177 858 4258 regni
901 4178 1119 4243 tertius
1167 4178 1446 4245 decimus
1492 4188 1869 4264 numeratur,
1922 4203 2298 4266 quamquam
2342 4184 2400 4247 is
2437 4204 2566 4249 non
2596 4190 2746 4248 ante
2778 4203 2914 4267 sep-

675 4282 894 4346 timum
962 4284 1129 4349 diem
1196 4306 1276 4350 m.
1322 4286 1591 4369 Augusti
1650 4288 1900 4371 incepit.
1992 4288 2236 4354 Eodem
2288 4288 2481 4355 modo
2548 4308 2664 4373 per
2720 4295 2916 4354 totum

677 4408 912 4461 annum
957 4390 1087 4454 949
1135 4390 1284 4456 inde
1329 4412 1370 4456 a
1401 4393 1711 4458 Kalendis
1743 4395 2065 4461 Januariis
2113 4415 2314 4461 annus
2361 4396 2541 4479 regni
2582 4396 2666 4460 14
2712 4403 2776 4461 et
2818 4396 2915 4460 bis
