3209 5434
1398 511 1481 574 21

328 730 444 801 14.
535 725 702 800 Otto
756 725 839 802 H.
897 735 1138 824 spurio
1196 733 1564 825 diplomate
1615 733 2055 808 monasterio
2104 733 2556 812 Murbacensi

531 847 996 926 donationem
1053 852 1411 950 quandam
1463 855 1712 929 matris
1752 879 1925 930 suae
1962 857 2383 934 Adelheidis
2420 861 2552 936 im-

528 974 911 1072 peratricis
969 977 1343 1051 confirmat
1398 983 1612 1076 atque
1653 981 2155 1056 concambium
2188 983 2379 1058 inter
2412 985 2552 1060 Be-

528 1097 900 1193 ringerum
960 1099 1289 1175 abbatem
1344 1101 1894 1179 Murbacensem
1962 1111 2036 1180 et
2090 1105 2556 1184 Godefiidum

531 1223 888 1320 quendam
916 1223 1310 1319 ingenuum
1336 1225 1599 1302 laicum
1626 1227 1894 1303 factum
1918 1235 2153 1306 ratum
2177 1232 2415 1308 habet.
2452 1275 2552 1288 -—

533 1351 709 1440 977,
760 1347 1259 1425 Berenmatae.

490 1516 565 1580 In
625 1515 879 1581 nomine
935 1522 1152 1582 sancte
1209 1523 1271 1582 et
1327 1518 1653 1585 individue
1697 1520 2010 1587 trinitatis.
2082 1523 2221 1606 Ego
2270 1523 2416 1590 Otto
2464 1528 2552 1592 di*

312 1620 464 1686 vina
507 1620 781 1688 favente·
804 1623 1136 1688 clementia
1167 1624 1506 1708 imperator
1536 1622 1921 1717 augustusj).
1995 1628 2305 1695 Fidelium
2338 1640 2552 1712 sancte

312 1728 579 1809 ecclesie
625 1734 1104 1813 nostrorumque
1147 1736 1278 1795 tam
1321 1733 1705 1816 presentium
1754 1754 1941 1817 quam
1989 1737 2181 1801 etiam·
2208 1735 2548 1802 futurorum

309 1834 555 1900 noverit
594 1835 624 1911 ΙΙ
665 1835 1070 1920 universitaS,
1133 1837 1284 1918 quia
1341 1822 1599 1937 doana
1654 1845 1872 1908 nostra
1930 1841 2301 1908 Adelheidis
2359 1844 2548 1928 impe-

310 1943 508 2007 ratrix
577 1943 888 2025 capellam
959 1942 1329 2009 decimalem
1402 1951 1464 2010 et
1518 1947 1957 2013 babtismalem
2015 1969 2155 2015 cum
2210 1955 2345 2014 tota
2399 1951 2552 2016 villa

310 2049 912 2131 Amelricheswilre,
973 2049 1039 2114 in
1087 2070 1213 2133 qua
1259 2051 1382 2115 sita
1427 2057 1550 2135 est,
1607 2072 1749 2118 cum
1794 2055 2023 2120 clerico
2071 2074 2184 2120 suo
2233 2033 2544 2140 &delfino

308 2155 617 2240 ejusdem
639 2155 786 2220 ville
830 2156 1133 2238 legittimo
1182 2157 1542 2242 sacerdote,
1603 2179 1745 2224 cum
1797 2165 1929 2225 tota
1973 2160 2216 2226 familia
2260 2181 2377 2226 sua
2421 2167 2548 2228 tam

305 2262 506 2328 libera
552 2282 741 2346 quam
788 2263 1027 2346 servili,
1079 2282 1221 2328 cum
1266 2263 1465 2360 agris,
1516 2266 1749 2350 pratiS,
1798 2269 2084 2352 pascuiS,
2136 2268 2524 2352 campis,v1
2461 2268 2548 2336 “-

304 2355 487 2455 nehS,
538 2369 1079 2452 decimationibus,
1131 2371 1326 2454 silviS,
1375 2372 1558 2454 aquis
1605 2392 2035 2457 aquarumque
2081 2374 2447 2440 decursibus
2488 2384 2548 2440 et

303 2478 543 2561 banno,
603 2477 724 2560 viis
787 2481 850 2541 et
902 2476 1122 2559 inviiS,
1198 2497 1275 2543 eo
1335 2483 1552 2544 tenore
1611 2479 1914 2545 libertatis
1972 2487 2035 2546 et
2078 2479 2363 2565 justicie,
2424 2501 2544 2564 quo

304 2584 448 2668 ipsa
522 2590 864 2668 prepotens
937 2584 1160 2666 regina
1226 2583 1346 2650 hec
1415 2585 1813 2669 possidebat,
1886 2607 2001 2669 pro
2072 2587 2351 2653 remedio
2417 2593 2544 2653 tam

304 2691 511 2772 anime
558 2709 669 2772 sue
715 2710 904 2773 quam
951 2689 1227 2755 omnium
1262 2697 1594 2774 parentum
1623 2697 1977 2757 nostrorum
2007 2694 2409 2759 Murbacensi
2438 2694 2544 2760 du*

301 2797 480 2863 navit
523 2797 817 2879 ecclesie,
879 2816 957 2861 ea
1001 2796 1296 2863 videlicet
1342 2797 1728 2881 conditione,
1778 2805 1845 2863 ut
1889 2799 2028 2865 sine
2074 2801 2242 2865 omni
2290 2801 2544 2866 alterius

301 2903 597 2970 advocati
641 2903 1082 2987 oppressione,
1147 2904 1261 2969 sub
1324 2910 1544 2970 nostra
1587 2913 2065 2990 nostrorumque
2111 2926 2544 2974 successorum

303 3031 554 3095 semper
597 3015 852 3074 maneat
894 3009 1187 3074 tuicione.
1261 3009 1537 3087 Quorum
1584 3011 1875 3095 quedam,
1924 3032 2185 3096 campos
2228 3011 2540 3096 videlicet,

301 3119 526 3201 silvas,
590 3135 818 3200 aquas,
879 3135 1307 3198 aquarumque
1353 3116 1683 3200 decursus,
1747 3118 1909 3183 sicut
1952 3117 2295 3183 coheredes
2341 3118 2540 3203 ipsius

301 3244 446 3291 cum
489 3223 634 3307 ipsa
678 3222 865 3288 simul
908 3221 1026 3316 hgc
1070 3226 1401 3286 tenuerunt
1447 3228 1508 3287 et
1553 3224 1962 3289 communiter
2020 3225 2111 3290 eis
2158 3223 2536 3308 fruebantur,

290 3330 395 3397 sic
453 3330 616 3395 inter
669 3327 944 3394 familias
1001 3327 1284 3412 ipsorum
1339 3328 1640 3413 deinceps
1700 3331 1836 3397 sine
1896 3331 2067 3396 omni
2112 3332 2544 3396 controversia

301 3436 658 3504 communia
701 3441 1130 3519 permaneant.
1201 3435 1430 3501 Statuit
1474 3436 1682 3518 etiam,
1732 3443 1801 3501 ut
1834 3437 1889 3502 si
1922 3438 2062 3520 quis
2093 3437 2352 3503 locum
2334 3458 2536 3522 lpsum

298 3545 400 3611 vel
443 3542 745 3628 populum
790 3541 1084 3607 incendio
1131 3547 1239 3606 aut
1282 3541 1485 3625 preda
1530 3548 1638 3607 aut
1683 3545 1975 3627 captione
2022 3563 2134 3609 seu
2174 3544 2409 3656 aliqua
2433 3566 2540 3609 va-

299 3651 569 3717 statione
599 3647 1059 3733 inquietaverit,
1093 3647 1280 3712 homo
1312 3649 1469 3713 liber
1498 3650 1601 3714 vel
1634 3649 1714 3714 de
1745 3650 1943 3715 libera
1971 3649 2213 3715 familia
2242 3622 2536 3730 damnum

296 3757 388 3822 rei
432 3756 677 3841 perdite
721 3755 787 3819 in
818 3754 1253 3839 quadruplum
1304 3756 1591 3820 restituat
1636 3763 1699 3820 et
1740 3756 1896 3821 fisco
1942 3756 2118 3839 regio
2163 3757 2355 3821 libras
2403 3760 2536 3822 auri

297 3861 517 3929 decem
563 3863 868 3945 exsolvat,
918 3862 1164 3927 servilis
1209 3881 1484 3946 persona
1528 3856 1736 3928 autem
1779 3869 1841 3928 et
1880 3862 1987 3946 qui
2016 3862 2132 3944 hec
2176 3883 2305 3928 non
2333 3864 2540 3985 possit

298 3971 643 4052 exsolvere,
693 3968 858 4052 pilos
905 3967 1132 4052 perdat
1177 3988 1318 4034 cum
1365 3969 1535 4034 corio
1578 3975 1641 4034 et
1671 3976 1912 4054 septem
1944 3989 2251 4036 annorum
2281 3943 2536 4047 damire-

295 4082 396 4142 tur
438 4077 504 4141 in
551 4075 759 4142 exilio.
832 4074 1105 4152 Quidam
1150 4074 1338 4140 etiam
1370 4075 1594 4141 eodem
1622 4081 1904 4160 tempore
1939 4082 2219 4142 nostram
2247 4075 2532 4144 adientes

293 4183 685 4268 imperialem
727 4180 1140 4268 majestatem,
1191 4181 1388 4247 abbas
1432 4181 1728 4249 videlicet
1773 4181 1855 4248 de
1899 4179 2203 4271 cdenobio
2232 4183 2532 4250 Murbach

472 4410 514 4474 ι)
551 4407 817 4463 hactenus
854 4409 1067 4464 litterae
1105 4407 1481 4490 Qongatae„
