3209 5434
89 669 219 724 κεῖ-

303 675 659 740 aecclesiae
681 627 754 741 let
780 675 1034 758 nostriS,
1067 675 1372 758 presenti-

301 781 424 844 bus
471 780 710 845 scilicet
754 800 832 845 ac
882 779 1123 862 futuris,
1177 781 1372 863 quali-

299 893 402 951 ter
423 886 774 969 Willigisus
805 887 1170 970 Mogontine
1201 887 1372 952 sedis

302 992 820 1076 archiepiscopus
873 992 1104 1057 nostris
1151 992 1372 1057 obtuti-

301 1098 422 1162 bus
470 1097 789 1180 quoddam
833 1104 1198 1182 preceptum
1243 1099 1372 1162 Ka-

301 1204 424 1268 roli
446 1204 844 1288 imperatoris
861 1205 881 1274 ΙΙ
908 1210 1367 1288 representanS,

301 1316 374 1374 ut
411 1309 676 1374 traditas
719 1328 821 1374 res
865 1310 930 1373 in
971 1309 1194 1374 eodem
1233 1329 1372 1392 pre-

304 1422 489 1498 cepto
523 1415 913 1498 conscriptas
939 1422 1158 1480 nostra
1179 1415 1372 1498 impe-

302 1521 448 1602 riali
509 1521 877 1586 auctoritate
941 1520 1370 1588 confirmando

301 1645 817 1746 recuperaremus
832 1627 1206 1711 imploravit,
1215 1647 1371 1710 quas

302 1731 686 1797 Ludowicus
707 1704 1069 1816 imperator
1110 1754 1240 1817 pro
1270 1754 1372 1798 ae-

302 1843 480 1918 terne
509 1837 819 1903 mercedis
854 1859 968 1922 spe
999 1839 1082 1903 ad
1119 1840 1370 1922 cappel-

304 1944 438 2008 lam
461 1963 640 2008 suam
663 1944 730 2008 in
752 1944 894 2008 loco
917 1944 1374 2008 Franconofurt

305 2051 374 2114 in
415 2049 718 2115 honorem
759 2050 1092 2115 salvatoris
1134 2049 1373 2114 domini

307 2156 506 2220 nostri
527 2157 569 2221 J
571 2176 683 2220 esu
699 2156 930 2221 Christi
953 2161 1375 2221 constructam

305 2260 568 2326 tradidit
624 2262 1015 2344 traditasque
1081 2261 1368 2326 firmavit.

305 2367 448 2432 Hoc
493 2374 620 2432 est:
677 2367 853 2431 illam
896 2370 1252 2451 cappellam
1289 2367 1373 2432 ad

306 2471 602 2537 Kusstein
643 2478 706 2537 et
743 2472 900 2537 illud
927 2473 1374 2538 monasterium

307 2682 394 2748 ad
436 2684 750 2750 Ursellam
803 2691 866 2750 et
915 2685 1089 2750 illam
1131 2686 1372 2751 aeccle-

309 2896 470 2961 siam
514 2897 581 2961 in
611 2897 764 2962 villa
795 2917 914 2999 que
944 2897 1169 2962 dicitur
1215 2897 1372 2961 Steti

308 3113 372 3172 et
413 3107 588 3172 illam
630 3108 1005 3173 aecclesiam
1035 3108 1117 3173 ad
1147 3110 1370 3192 Plage-

309 3218 434 3277 stat
465 3219 528 3278 et
556 3214 731 3281 illam
762 3215 1115 3296 cappellam
1145 3215 1228 3278 ad
1251 3217 1372 3281 Ne-

308 3319 570 3383 rinstein
611 3339 753 3384 cum
799 3319 1084 3385 omnibus
1118 3319 1202 3384 ad
1232 3341 1373 3386 eam

309 3425 952 3508 pertinentibus‚sicut
987 3445 1128 3490 eam
1157 3426 1372 3490 Aaron

309 3530 376 3592 in
408 3529 774 3595 beneficium
817 3531 1050 3614 habuit,
1097 3537 1160 3596 et
1199 3533 1373 3597 illam

311 3635 527 3699 villam
550 3655 668 3718 que
692 3636 915 3702 dicitur
925 3637 1208 3720 Pargilla
1231 3658 1373 3702 cum

311 3741 583 3820 ecclesia
613 3748 674 3806 et
695 3742 942 3808 decima
965 3743 1048 3810 ad
1071 3763 1212 3808 eam
1234 3763 1372 3827 per-

310 3846 543 3913 tinente
585 3855 646 3913 et
675 3849 848 3914 illam
882 3849 1258 3914 aecclesiam
1289 3850 1372 3914 ad

310 3952 800 4037 Sprendilingun
843 3975 986 4020 cum
1020 3975 1242 4020 manso
1289 3956 1372 4020 ad

312 4079 452 4124 eam
475 4061 842 4144 pertinente,
859 4068 921 4125 et
935 4061 1109 4125 illam
1133 4062 1372 4126 aeccle-

311 4164 469 4228 siam
485 4164 568 4228 ad
579 4166 1030 4232 Piscofesheim
1045 4187 1188 4232 cum
1202 4167 1372 4232 omni

311 4267 744 4355 decimatione,
772 4292 914 4337 cum
942 4273 1278 4357 mancipiis
1311 4279 1373 4338 et

310 4375 490 4440 terris
522 4375 607 4440 ad
648 4398 788 4443 eam
825 4379 1278 4461 pertinentibus
1311 4385 1374 4444 et

1389 518 1468 583 15

1478 667 1828 770 aecclesiae
1855 675 2105 760 nostris,
2143 675 2537 758 presentibus

1479 780 1721 845 scilicet
1774 786 1836 844 et
1885 781 2135 864 futuriS,
2193 783 2223 858 ΙΙ
2277 781 2543 863 qualiter

1478 886 1829 968 Willigisus
1919 887 2283 969 Mogontine
2369 886 2541 951 sedis

1479 991 1995 1076 archiepiscopus
2042 993 2275 1057 nostris
2322 993 2543 1057 obtuti-

1479 1098 1595 1162 bus
1642 1097 1960 1181 quoddam
2003 1103 2371 1181 preceptum
2415 1098 2543 1162 Ka-

1479 1204 1597 1269 roli
1639 1203 2033 1286 imperatoris
2078 1210 2539 1287 representans,

1478 1316 1546 1374 ut
1588 1309 1852 1374 traditas
1893 1329 1995 1374 res
2038 1309 2104 1373 in
2148 1309 2370 1374 eodem
2404 1330 2546 1393 pre-

1481 1421 1663 1499 cepto
1696 1416 2084 1498 conscriptas
2108 1422 2327 1480 nostra
2349 1416 2543 1499 impe-

1479 1523 1622 1587 riali
1686 1522 2051 1586 auctoritate
2113 1520 2543 1586 confirmando

1480 1647 1989 1711 recuperaremus
2003 1627 2376 1710 imploravit,
2384 1645 2542 1708 quas

1479 1733 1859 1798 Loduwicus
1890 1734 2227 1816 imperator
2248 1754 2363 1816 pro
2389 1738 2544 1813 eter-

1479 1857 1557 1920 ne
1589 1839 2043 1922 mercedis‘spe
2075 1838 2158 1903 ad
2187 1827 2544 1928 cappellam

1480 1965 1659 2009 suam
1710 1945 2179 2008 Franconevurt
2231 1945 2296 2009 in
2349 1944 2543 2009 hono·

1479 2071 1613 2134 rem
1663 2049 1995 2114 salvatoris
2049 2049 2285 2114 domini
2321 2047 2543 2115 nostri

1477 2158 1519 2222 J
1521 2176 1635 2221 esu
1680 2154 1910 2221 Christi
1956 2160 2377 2220 constructam
2419 2162 2542 2220 tra-

1481 2261 1641 2327 didit
1670 2261 2061 2342 traditasque
2083 2259 2369 2326 firmavit.
2403 2262 2543 2326 Hoc

1481 2374 1577 2434 est
1604 2368 1779 2432 illam
1810 2368 2121 2450 capellam
2144 2367 2230 2431 ad
2250 2365 2543 2432 Kufstein

1481 2495 1621 2538 cum
1668 2474 1914 2539 decima
1952 2480 2013 2538 et
2052 2472 2235 2538 terris
2276 2471 2361 2542 ad
2404 2493 2545 2537 eam

1478 2580 1929 2663 pertinentibus
1962 2585 2023 2644 et
2050 2577 2207 2643 illud
2231 2584 2545 2643 monaste-

1479 2686 1640 2751 rium
1654 2686 1738 2750 ad
1753 2686 2066 2752 Ursellam
2092 2704 2233 2750 cum
2256 2682 2543 2759 omnibus

1478 2791 1849 2856 utensilibus
1889 2792 2051 2858 -illuc
2090 2790 2543 2873 pertinentibus

1479 2904 1542 2962 et
1571 2898 1747 2962 illam
1777 2896 2161 2978 ecclesiam’
2143 2918 2209 2960 1n
2239 2897 2393 2960 villa
2423 2914 2545 2978 que

1479 3003 1707 3068 dicitur
1747 3003 1974 3086 Stetin,
2025 3010 2087 3068 et
2130 3002 2303 3066 illam
2348 3002 2547 3081 eccle

1480 3110 1642 3174 siam
1702 3109 1785 3173 ad
1839 3083 2189 3202 Plagqfitat,
2254 3114 2317 3172 et
2366 3107 2544 3171 illam

1480 3216 1792 3298 capellam
1858 3216 1943 3280 ad
2002 3213 2332 3280 Nerestein
2402 3232 2544 3276 cum

1479 3321 1767 3386 omnibus
1799 3320 1883 3385 ad
1914 3341 2056 3386 eam
2089 3318 2542 3403 pertinentibus

1440 3421 1446 3428 ’
1479 3433 1541 3492 et
1571 3427 1747 3491 illam
1778 3427 2112 3507 ecclesiam
2144 3427 2209 3490 in
2235 3423 2543 3491 Wechen-

1479 3532 1647 3598 heim
1678 3553 1819 3597 cum
1848 3532 2095 3597 decima
2125 3538 2186 3596 et
2215 3532 2389 3596 illam
2430 3531 2544 3594 vil-

1478 3638 1606 3703 lam
1653 3659 1775 3720 que
1822 3638 2047 3703 dicitur
2076 3637 2359 3720 Pargilla
2403 3655 2545 3702 cum

1480 3745 1750 3824 ecclesia
1773 3751 1835 3808 et
1858 3746 2103 3811 decima
2126 3735 2207 3808 ad
2242 3764 2383 3809 eam
2404 3762 2544 3826 per-

1479 3851 1715 3915 tinente
1758 3856 1820 3914 et
1863 3851 2036 3915 illam
2083 3851 2415 3931 ecclesiam
2459 3847 2544 3912 ad

1479 3955 1984 4039 Sprendelincon
2037 3975 2178 4020 cum
2239 3955 2421 4020 terris
2484 3959 2547 4018 et

1451 4061 1729 4126 ‘decima
1770 4062 1853 4125 ad
1895 4082 2036 4126 eam
2065 4061 2539 4145 pertinentibuS,

1479 4173 1540 4231 et
1562 4167 1737 4232 illam
1759 4167 2093 4247 ecclesiam
2116 4167 2200 4232 ad
2210 4168 2544 4232 Biscoves-

1477 4272 1647 4337 heim
1689 4292 1831 4337 cum
1872 4271 2289 4339 decimatione
2332 4279 2397 4339 et
2423 4279 2545 4339 ter-

1478 4379 1565 4444 ris
1589 4378 1675 4444 ad
1699 4399 1839 4445 eam
1858 4379 2309 4462 pertinentibus
2334 4387 2397 4446 et
2416 4389 2545 4447 tres
