3209 5434
514 3672 542 3690 f*
565 3685 571 3691 .
626 3684 631 3692 ,

498 3693 543 3745 (A
638 3692 653 3745 ,ἶ

630 3769 637 3785 ι

1805 522 1891 589 86

725 684 1013 751 homines
1060 684 1261 769 ipsius
1310 676 1644 767 ecclesiae]
1667 677 1716 763 ¹)
1761 682 1896 748 sive
1941 681 2198 747 accolas
2239 678 2342 745 vel
2373 678 2637 745 Sclavos
2669 698 2968 744 servosve

723 792 790 858 in
845 791 976 858 ulla
1031 811 1101 856 re
1158 787 1562 873 stringendos
1621 794 1744 854 aut·
1788 789 2063 855 inlicitas
2131 788 2502 855 occasiones
2557 784 2966 870 requirendas

723 899 853 965 ullo
911 916 1210 980 umquam
1268 902 1551 980 tempore
1608 894 1842 961 audeat
1897 894 2145 979 ingredi
2197 895 2299 960 vel
2367 915 2471 977 ea,
2545 912 2708 976 quae
2773 912 2967 976 supra

724 1010 1072 1071 memorata
1117 1008 1279 1085 sunt,
1332 1003 1623 1087 poenitus
1673 1001 1929 1085 exigere
1974 1002 2358 1091 praesumat}
2433 1000 2564 1067 Sed
2607 1000 2797 1065 liceat
2839 1018 2966 1063 me·

628 1100 633 1117 “
725 1116 969 1177 morato
1001 1110 1280 1195 praesuli
1314 1110 1572 1192 suisque
1604 1109 2074 1175 successoribus
2107 1129 2209 1175 res
2233 1106 2596 1193 praedictae
2621 1106 2966 1173 aecclesiae

557 3426 637 3495 ᾖ

482 3854 532 3929 54
561 3890 578 3905 .,
668 3816 683 3857 ”

684 3688 779 3737 .Ῑ.

726 1218 843 1284 sub
902 1216 1311 1282 immunitatis
1369 1222 1627 1282 nostrae
1685 1216 2054 1281 defensione
2105 1216 2314 1299 quieto
2361 1214 2582 1281 ordine
2640 1212 2967 1299 possidere

726 1331 1067 1407 nostroque
1122 1342 1347 1407 parere
1400 1322 1695 1407 imperi0,
1757 1323 2053 1406 quatinus
2109 1323 2309 1408 ipsius
2357 1327 2616 1387 sanctae
2660 1321 2782 1386 Dei
2827 1340 2967 1385 aec·

728 1431 961 1497 clesiae
1008 1430 1240 1512 celibes
1287 1450 1403 1514 pro
1435 1430 1863 1495 incolomitate
1898 1437 1961 1495 et
2006 1430 2349 1495 stabilitate
2393 1428 2574 1512 regni
2619 1428 2817 1493 nostri
2845 1426 2969 1493 Dei

728 1538 1175 1622 omnipotentis
1230 1536 1729 1602 misericordiam
1779 1537 2019 1622 jugiter
2077 1557 2341 1602 exorare
2399 1535 2685 1601 delectet.
2763 1535 2849 1599 Et
2897 1540 2970 1597 ut

725 1645 885 1710 haec
932 1644 1273 1710 auctoritas
1322 1644 1757 1709 concessionis
1804 1650 2060 1709 nostrae
2114 1643 2351 1737 firmior
2401 1642 2707 1707 habeatur
2750 1647 2812 1707 et
2853 1660 2971 1725 per

725 1751 934 1817 flatura
978 1758 1264 1834 tempora
1324 1771 1365 1815 a
1410 1750 1651 1816 cunctis
1697 1751 1988 1817 fidelibus
2033 1750 2266 1816 nostris
2326 1750 2718 1831 observetur,
2778 1768 2970 1813 manu

729 1864 949 1924 nostra
993 1857 1253 1942 propria
1298 1857 1517 1923 subtus
1563 1878 1702 1923 eam
1750 1858 2135 1924 firmavimus
2181 1858 2494 1942 anuloque
2539 1861 2753 1922 nostro
2797 1855 2967 1940 sigil-

726 1958 847 2030 lar‘i
879 1964 1207 2049 jussimus,

1049 2080 1314 2163 Signum
1360 2076 1574 2145 domni
1620 2080 1902 2147 Heinrici
1951 2074 2070 2162 (M)
2117 2079 2504 2145 serenissimi
2547 2080 2736 2163 regis.

1048 2187 1268 2254 Simon
1315 2187 1732 2255 cancellarius
1789 2186 1873 2253 ad
1919 2188 2119 2253 vicem
2166 2186 2456 2271 Herigeri
2506 2186 2968 2272 archiepiscopi

1153 2295 1505 2484 (summgque
1536 2295 1851 2379 capellani
1881 2294 2222 2379 recognovi
2249 2300 2310 2360 et
2333 2285 2697 2378 subscripsi.
2751 2291 2842 2377 (S.
2865 2288 2969 2376 R.)

1181 2401 1253 2465 L.
1288 2399 1352 2466 S.

728 2524 900 2591 Data
928 2524 1019 2589 VI
1040 2522 1185 2590 idus
1207 2525 1466 2609 Aprilis,
1501 2545 1669 2590 anno
1701 2523 2153 2591 incarnationis
2185 2524 2423 2589 domini
2449 2523 2961 2607 DCGCCXXIII,

726 2631 1074 2697 indictione
1106 2632 1155 2715 Ι,
1206 2653 1373 2697 anno
1420 2652 1571 2698 vero
1619 2633 1797 2716 regni
1827 2632 2271 2715 gloriosissimi
2299 2631 2580 2697 Heinrici
2615 2632 2786 2716 regis
2817 2632 2962 2696 1111.

728 2739 959 2805 Actum
1013 2738 1078 2802 in
1136 2739 1309 2821 loco,
1360 2739 1468 2823 qui
1521 2739 1749 2805 dicitur
1804 2739 2326 2824 Quitilingaburg.
2406 2739 2483 2803 In
2538 2738 2662 2803 Dei
2719 2738 2966 2804 nomine

728 2844 997 2911 feliciter
1041 2864 1243 2910 amen.

823 2974 891 3023 Ex
922 2975 1202 3036 autographo
1242 2976 1292 3023 111
1322 2975 1547 3023 tabulario
1578 2976 1842 3024 Monacensi
1884 2979 2130 3024 asservato.
2189 2978 2242 3025 In
2287 2980 2416 3037 signo
2458 2978 2784 3037 recognitionis
2821 2978 2965 3033 notae,

918 3068 1033 3115 quae
1075 3055 1331 3114 significare
1372 3055 1606 3102 videntur:
1651 3056 1807 3103 Simon
1849 3058 2054 3104 notarius
2098 3058 2285 3118 scripsit
2325 3060 2372 3104 et
2411 3058 2710 3115 subsignavit.
2767 3056 2965 3115 Sigillum

916 3135 1041 3182 idem
1073 3136 1211 3195 atque
1240 3136 1289 3182 in
1310 3136 1468 3182 charta
1488 3137 1739 3196 superiore.
1779 3136 1937 3184 Edidit
1957 3137 2152 3198 Stumpf,
2172 3139 2288 3185 Acta
2305 3138 2487 3199 imperii
2507 3138 2593 3185 Nc.
2611 3139 2657 3185 1.
2687 3160 2736 3170 ——
2763 3136 2965 3191 Bohmer,

916 3214 1030 3273 Reg.
1053 3215 1163 3275 imp.
1184 3216 1259 3263 40.
1310 3216 1506 3277 Stumpf,
1539 3216 1768 3274 Regestcn
1789 3216 1834 3263 8.

738 3442 861 3515 63.
950 3438 1116 3513 Otto
1166 3438 1219 3513 Ι.
1277 3439 1672 3539 imperator
1743 3439 2096 3517 ecclesiae
2150 3440 2757 3538 Wirciburgensi,
2815 3441 2962 3541 epi-

947 3586 1173 3663 scopo
1211 3562 1585 3655 Bobbone,
1643 3564 2165 3641 immunitatem
2220 3567 2615 3643 confirmat.
2679 3568 2965 3664 (Datum

794 3674 877 3755 .'‘¹”
946 3688 1139 3763 inter
1197 3693 1371 3781 962,
1427 3687 1639 3764 Febr.
1686 3694 1728 3763 2
1792 3694 1864 3764 et
1922 3695 2097 3783 966,
2150 3691 2337 3789 Aug.
2384 3692 2546 3788 27.)

913 3846 981 3911 C.
1053 3848 1129 3912 In
1176 3848 1427 3914 nomine
1474 3854 1732 3914 sanctae
1778 3853 1841 3913 et
1883 3847 2249 3916 individuae
2295 3852 2609 3917 trinitatis.
2683 3851 2826 3919 Otto
2881 3850 2968 3916 di-

732 3953 884 4018 vina
952 3952 1204 4021 favente
1282 3954 1617 4021 clementia
1691 3955 2032 4039 imperator
2113 3965 2432 4041 augustus.
2477 3959 2541 4037 ll:
2574 3958 2970 4043 Imperialem

737 4060 1174 4128 celsitudinem
1242 4068 1515 4146 oportet,
1589 4068 2058 4182 antecessorum
2127 4084 2381 4130 suorum
2446 4066 2556 4149 pia
2621 4064 2792 4130 facta
2844 4087 2970 4131 non

737 4169 942 4234 solum
988 4168 1433 4234 inviolabiliter
1477 4189 1887 4254 conservare,
1897 4152 2164 4275 lverum
2211 4173 2400 4237 etiam
2446 4172 2814 4238 auctoritate
2858 4192 2974 4237 sua

739 4275 1030 4342 alacriter
1076 4274 1465 4340 confirmare.
1537 4276 1815 4343 Proinde
1844 4278 2090 4344 noverit
2119 4279 2395 4343 omnium
2423 4278 2701 4343 fidelium
2733 4285 2974 4345 nostro-

913 4429 955 4496 2)
992 4428 1211 4483 Desunt
1245 4428 1301 4483 in
1338 4431 1450 4482 aut.
1488 4426 1626 4482 haec
1661 4431 1860 4485 omnia.

1619 4506 1644 4527 0
