3209 5434
1804 524 1929 590 188

918 687 1037 751 Νο.
1093 686 1197 751 82.
1292 685 1392 750 De
1460 683 1921 768 subscriptione
1990 681 2355 748 cancellarii
2422 679 2499 746 cs.
2556 678 2967 759 Giesebrecht,

741 792 1096 861 Kaiserzeit
1141 793 1268 874 111,
1319 790 1489 856 1159
1545 786 1682 873 (ubi
1726 810 1842 874 pro
1888 810 2149 855 numero
2196 789 2284 855 St.
2320 789 2393 853 R.
2430 789 2605 853 3116
2652 807 2733 852 ex
2780 787 2970 871 priore

739 898 1014 965 editione
1060 899 1204 965 libri
1235 898 1612 983 Stumpfiani
1659 896 1991 981 desumpto
2022 898 2095 961 R.
2132 897 2307 960 3119
2353 915 2648 961 numerus
2679 892 2969 976 legendus

739 1001 880 1091 est).
964 1006 1200 1072 Charta
1255 1006 1406 1089 quin
1460 1005 1740 1089 genuina
1790 1003 1897 1087 sit,
1961 1002 2235 1069 dubitari
2290 1024 2420 1070 non
2475 1007 2701 1086 potest.
2772 1001 2969 1065 Bruno

740 1114 1175 1196 cancellarius,
1226 1133 1368 1178 cum
1396 1110 1775 1177 Adelbertus
1804 1111 2210 1194 Moguntinus
2239 1110 2587 1191 rebellaret,
2630 1108 2756 1172 hoc
2786 1105 2969 1190 diplo-

738 1226 907 1286 mate
957 1212 1189 1285 nomen
1235 1219 1775 1285 archicancellarii
1822 1217 2195 1303 assumpsit,
2256 1215 2576 1282 Arnoldus
2622 1220 2832 1279 autem
2876 1212 2969 1295 qui

740 1325 875 1410 ejus
921 1326 1061 1391 vice
1107 1324 1388 1409 diploma
1432 1326 1816 1410 recognovit,
1866 1325 1921 1391 is
1955 1331 2069 1406 est,
2120 1324 2226 1407 qui
2256 1324 2446 1389 etiam
2476 1323 2542 1387 in
2573 1322 2717 1387 aliis
2750 1320 2969 1403 aliquot

739 1432 973 1499 chartis
1032 1453 1248 1498 annor.
1300 1433 1765 1497 1112—1114
1821 1432 2121 1515 occurrit3
2183 1430 2259 1496 cf.
2296 1429 2553 1514 Stumpf
2599 1450 2662 1513 p.
2699 1428 2845 1493 253.
2892 1460 2967 1470 —-

738 1538 1224 1606 Animadvertas
1256 1540 1345 1603 sis
1377 1538 1630 1604 modum
1664 1538 1818 1605 satis
1852 1540 2235 1623 singularem
2265 1556 2389 1620 quo
2421 1537 2487 1601 in
2516 1542 2737 1601 nostra
2768 1536 2969 1600 charta

739 1667 980 1731 arenga
1035 1652 1098 1712 et
1155 1646 1574 1730 promulgatio
1622 1647 1688 1711 in
1743 1665 1935 1710 unum
1980 1645 2366 1729 enuntiatum
2411 1649 2773 1709 contractae
2818 1646 2965 1706 sunt

737 1754 1078 1819 Praeterea
1123 1752 1583 1819 observandum
1597 1802 1615 1836 ,
1678 1774 1973 1819 numeros
2028 1754 2413 1836 singularem
2457 1755 2520 1816 et
2564 1750 2870 1835 pluralem
2910 1748 2968 1811 in

737 1879 863 1925 uno
923 1866 1111 1943 atque
1171 1858 1394 1925 eodem
1449 1860 1772 1925 enuntiato
1829 1880 2160 1926 occurrere
2215 1852 2683 1941 (antecessores
2726 1858 2851 1920 mei
2891 1888 2966 1898 --

737 1966 1025 2032 volumus
1072 1971 1290 2031 et‘noc
1323 1991 1444 2050 —3
1493 1966 1752 2032 urbanis
1795 1968 2030 2031 nostrie
2073 1961 2379 2048 remitto);
2428 1963 2506 2029 cf.
2541 1964 2617 2029 N.
2652 1964 2758 2047 42,
2792 1983 2929 2027 ann.

915 2126 1034 2192 Νο.
1071 2127 1175 2191 83.
1258 2126 1359 2191 De
1415 2126 1637 2191 charta
1679 2125 1803 2191 hac
1848 2126 2066 2209 spuria
2110 2125 2188 2191 cf.
2224 2124 2475 2191 doctam
2520 2122 2809 2207 Stumpfii
2852 2121 2966 2187 dis-

739 2234 1139 2299 sertationem
1194 2233 1319 2296 Zur
1364 2232 1576 2297 Kritik
1638 2233 1975 2299 deutscher
2021 2231 2615 2317 Stadteprivilegien
2671 2224 2766 2313 (in
2819 2228 2965 2294 actis

738 2339 1104 2404 academiae
1136 2339 1533 2423 Viennensis,
1584 2342 1773 2405 class,
1808 2340 2158 2425 hist-phil„
2192 2340 2471 2422 XXXII,
2506 2340 2635 2404 603
2672 2332 2816 2421 ss.),
2876 2333 2966 2401 cui

735 2465 995 2530 prorsus
1042 2445 1370 2511 assentior.

915 2605 1033 2671 Νο.
1071 2606 1174 2673 85.
1253 2607 1479 2672 Mirum
1523 2608 1588 2671 in
1634 2605 1890 2673 modum
1936 2608 2001 2672 in
2049 2607 2338 2674 omnibus
2385 2605 2762 2673 editionibus
2790 2603 2964 2689 hujus

738 2712 995 2779 chartae
1040 2719 1102 2778 et
1146 2721 1335 2778 notae
1382 2713 1869 2798 chronologicae
1900 2721 1962 2780 et
1992 2715 2192 2780 oratio
2224 2714 2369 2798 ipsa
2414 2720 2745 2797 corruptae
2786 2718 2848 2777 et
2882 2712 2963 2776 vi-

735 2820 930 2884 tiatae
989 2825 1148 2884 sunt.
1219 2820 1740 2885 Concludendum
1787 2827 1884 2886 est
1930 2842 2010 2887 ex
2054 2821 2176 2885 hoc
2222 2820 2511 2904 exemplo
2558 2824 2791 2902 quanta
2834 2838 2965 2883 cum

737 2927 984 2991 cautela
1025 2925 1399 2991 editionibus
1432 2927 1802 2993 Schannatii
1835 2927 2132 2994 utendum
2164 2928 2261 2992 sit.
2310 2961 2400 2971 -—
2446 2926 2823 3010 Comparate
2853 2925 2966 2989 hoc

738 3032 1080 3117 diplomate
1127 3052 1269 3097 cum
1316 3032 1550 3099 chartis
1583 3022 1870 3100 Heinrici
1900 3036 2006 3101 IV.
2038 3040 2101 3101 et
2130 3035 2203 3100 V.
2238 3029 2343 3117 (Ν.
2381 3029 2714 3116 80-82),
2765 3031 2964 3097 obser·

735 3140 914 3207 vabis
961 3145 1350 3223 quantopere
1393 3161 1523 3206 non
1568 3162 1801 3225 magno
1849 3142 2149 3227 temporis
2194 3142 2403 3225 spatio
2431 3140 2757 3225 interjecto
2784 3138 2964 3223 privi-

734 3246 904 3329 legia
950 3246 1178 3311 civium
1225 3248 1781 3314 Wormatiensium
1827 3256 2014 3315 aucta
2060 3249 2201 3315 sint.

913 3406 1029 3471 No.
1067 3406 1172 3471 87.
1245 3406 1482 3473 Charta
1509 3407 1794 3474 Heinrici
1823 3409 1929 3473 VI.
1936 3458 1953 3492 ,
2004 3428 2168 3491 quae
2202 3408 2269 3473 in
2314 3415 2531 3474 nostra
2575 3372 2959 3487 memoratur,

735 3532 862 3577 una
892 3533 971 3577 ex
1003 3514 1291 3579 omnibus
1321 3515 1879 3581 wormatiensium
1909 3516 2259 3599 privilegiis
2289 3515 2519 3581 veteris
2552 3513 2695 3579 aevi
2729 3512 2964 3598 perdita

735 3625 847 3685 est.
939 3619 1131 3704 Cujus
1208 3620 1368 3685 nihil
1427 3621 1552 3688 nisi
1618 3624 1948 3706 parvulum
2017 3623 2436 3705 fragmentum
2505 3626 2817 3705 superest,
2884 3618 2955 3683 cs.

734 3726 990 3812 Stumpf
1023 3726 1218 3793 4659.

913 3888 1030 3952 No.
1067 3888 1170 3952 89.
1243 3887 1612 3971 Duodecim,
1663 3906 1825 3969 quae
1856 3894 2196 3970 sequuntur
2225 3887 2500 3971 chartae,
2548 3906 2811 3970 quarum
2850 3906 2955 3951 sex

733 3992 1010 4076 priores·
1020 3994 1088 4057 in
1133 3994 1528 4059 cancellariis
1557 3994 1790 4076 italica,
1839 3994 2249 4077 burgundica,
2298 3994 2569 4079 anglica,
2617 3993 2956 4077 francogal-

733 4098 861 4162 lica
907 4097 1094 4163 datae
1127 4104 1286 4182 sunt,
1336 4100 1717 4184 posteriores
1750 4120 1864 4166 sex
1897 4100 1981 4165 ad
2012 4108 2157 4166 acta
2185 4122 2404 4185 regum
2434 4108 2498 4167 et
2526 4102 2959 4185 imperatorum

732 4205 1237 4290 merovingorum
1292 4225 1403 4271 seu
1448 4208 1914 4291 carolingorum
1959 4208 2297 4293 pertinent,
2355 4209 2522 4275 notis
2562 4206 2959 4273 illustrandas

735 4332 877 4379 esse
921 4334 1050 4379 non
1096 4320 1266 4397 put0,
1317 4333 1458 4378 cum
1495 4315 1646 4379 illae
1678 4322 2067 4399 quantopere
2104 4321 2167 4380 et
2196 4315 2421 4398 quibus
2451 4316 2637 4380 rebus
2667 4335 2709 4379 a
2737 4313 2959 4379 chartis

740 4420 1120 4503 germanicis
1169 4419 1545 4503 discrepent,
1594 4419 1783 4487 facile
1828 4428 2153 4507 appareat,
2204 4422 2286 4487 de
2328 4422 2429 4487 his
2460 4428 2667 4488 autem
2699 4422 2793 4487 vir
2822 4421 2959 4485 doc-
