3209 5434
155 3464 658 3602 .spwff?ss

1775 461 1863 526 20

690 623 908 684 nostra
937 637 1384 685 renovaremus
1416 624 1606 702 atque
1638 618 2149 686 confirmaremus
2180 619 2569 686 auctoritate.
2619 619 2752 686 Nos
2782 637 2963 685 vero

693 754 907 801 eorum
951 734 1238 818 petitioni
1281 754 1397 818 pro
1445 733 1571 800 Dei
1617 754 1832 801 amore
1879 741 1941 800 et
1985 740 2197 817 nostre
2242 734 2553 802 mercedis
2600 740 2959 818 augmento

691 840 958 906 libenter
1004 841 1337 905 annuimus
1384 846 1446 906 et
1486 840 1608 906 hoc
1639 842 2046 926 praeceptum
2075 841 2225 908 inde
2256 842 2570 908 conscribi
2605 841 2953 926 jussimUS,

692 967 808 1031 per
855 945 1024 1031 quod
1071 947 1164 1012 eis
1211 945 1424 1012 omnia
1466 947 1628 1030 loca,
1680 966 1801 1030 que
1844 949 1949 1014 vel
1976 955 2259 1033 tempore
2287 948 2645 1014 Ebur-hardi
2676 953 2737 1014 et
2764 947 2959 1013 Liut-

691 1051 856 1118 fredi
900 1053 1117 1119 usibus
1165 1072 1381 1118 eorum
1427 1072 1737 1119 concessa
1780 1059 1924 1118 sunt
1968 1060 2077 1119 aut
2120 1060 2347 1139 postea
2390 1076 2506 1140 per
2549 1055 2959 1120 incrementa

695 1165 882 1225 aucta
938 1166 1083 1225 sunt
1137 1165 1200 1226 et
1252 1159 1441 1225 modo
1498 1159 1563 1225 in
1622 1180 1839 1225 eorum
1893 1162 2195 1228 vestitura
2260 1167 2549 1228 tenentur
2605 1161 2689 1227 ad
2754 1181 2956 1226 suum

692 1266 1012 1350 peculiare
1057 1271 1122 1332 et
1165 1284 1284 1348 que
1330 1266 1563 1352 injuste
1607 1267 1927 1333 abstracta
1969 1274 2331 1351 noscuntur,
2379 1275 2600 1335 nostra
2625 1266 2955 1352 imperiali

693 1373 1062 1440 auctoritate
1104 1372 1319 1438 omnia
1364 1373 1458 1438 eis
1505 1373 1911 1440 concedimus
1958 1396 2036 1441 ac
2076 1376 2462 1459 roboramus,
2514 1376 2730 1458 eisque
2774 1375 2953 1438 inter

692 1499 764 1546 se
808 1469 1085 1564 eligendi
1130 1480 1451 1562 abbatem,
1513 1479 1622 1563 qui
1676 1480 1917 1546 eisdem
1972 1483 2159 1548 rebus
2215 1481 2601 1565 fratrumque
2646 1479 2949 1564 regimini

689 1583 990 1675 praeesse
1033 1586 1267 1671 possit,
1331 1585 1855 1671 quandocumque
1900 1609 2164 1655 necesse
2222 1590 2331 1674 sit,
2388 1588 2654 1655 liberum
2713 1607 2948 1653 conce-

693 1693 898 1759 dimus
960 1691 1300 1758 arbitrium.
1373 1693 1642 1776 Insuper
1698 1694 1887 1759 etiam
1938 1695 2251 1780 imperiali
2296 1701 2545 1780 sceptro
2593 1694 2939 1777 sancimus,

691 1807 760 1865 ut
803 1800 1012 1864 nullus
1070 1817 1280 1864 comes
1338 1804 1447 1863 aut
1489 1796 1695 1883 judex
1750 1820 1864 1866 seu
1919 1803 2191 1885 quelibet
2234 1794 2614 1886 prdepotens
2659 1821 2946 1885 persona

691 1907 1055 1991 mansiones
1101 1905 1168 1970 in
1212 1905 1338 1970 illis
1384 1905 1543 1969 locis
1589 1904 1823 1974 habere
1878 1916 1986 1974 aut
2038 1916 2267 1994 parata
2311 1909 2569 1992 exquire
2586 1903 2633 1991 ¹)
2678 1926 2943 1992 praesu·

690 2020 838 2098 mat,
888 2013 1004 2081 sed
1051 2014 1143 2080 eis
1190 2011 1378 2076 liceat
1409 2011 1620 2094 quieto
1652 2015 1874 2082 ordine
1905 2016 2137 2101 degere
2168 2021 2231 2082 et
2260 2017 2632 2099 regulariter
2661 2014 2941 2080 Domino

669 2122 976 2188 militare.
1071 2124 1464 2192 Theloneum
1521 2125 1817 2192 videlicet
1859 2124 2048 2209 juxta
2114 2123 2405 2206 antiquas
2466 2129 2942 2188 antecessorum

690 2236 1046 2294 nostrorum
1091 2234 1537 2299 concessiones
1567 2234 1649 2298 ab
1682 2234 1775 2299 eis
1806 2231 1909 2298 vel
1937 2250 2153 2297 eorum
2182 2229 2539 2295 hominibus
2571 2248 2685 2314 per
2716 2245 2939 2295 omnes

691 2337 872 2419 regni
915 2339 1115 2403 nostri
1158 2338 1319 2404 fines
1365 2359 1569 2422 neque
1610 2340 1676 2405 in
1707 2340 1861 2405 urbe
1891 2358 2096 2420 neque
2122 2334 2192 2402 'in
2222 2337 2329 2403 via
2356 2356 2561 2420 neque
2592 2335 2675 2400 ad
2706 2337 2940 2419 pontes

692 2463 807 2508 seu
862 2445 1106 2528 aliquas
1167 2446 1492 2512 stricturas
1547 2446 1721 2512 nullo
1776 2445 1966 2510 modo
2036 2445 2384 2527 accipiatur
2449 2443 2554 2508 vel
2620 2446 2935 2525 queratur.

691 2550 774 2615 Et
816 2557 886 2616 ut
928 2551 1051 2616 hoc
1095 2559 1307 2634 nostre
1352 2553 1842 2620 confirmationis
1874 2558 2283 2637 praeceptum
2310 2550 2557 2616 firmum
2587 2549 2939 2630 stabileque

691 2665 1085 2741 permaneat,
1145 2679 1337 2723 manu
1391 2667 1612 2726 nostra
1666 2658 1825 2725 illud
1882 2658 2119 2746 subdus
2174 2656 2561 2723 firmavimus
2619 2655 2938 2740 sigillique

692 2765 891 2830 nostri
934 2765 1350 2849 impressione
1393 2767 1686 2850 insigniri
1731 2759 2189 2851 praecepimus.

1013 2924 1279 3008 Signum
1332 2924 1548 2994 domni
1605 2925 1855 2993 Ottonis
1913 2924 2312 2991 invictissimi
2371 2922 2768 3007 imperatoris
2815 2915 2937 3004 (M)

986 3110 1047 3131 ,--
1086 3031 1396 3124 augusti.
1403 3025 1999 3116 &beffiae—444
2230 3053 2308 3117 v

956 3137 1322 3238 Egbertus
1369 3138 1783 3205 cancellarius
1829 3137 1915 3204 ad
1958 3137 2163 3204 vicem
2204 3093 2506 3220 Willigisi
2550 3129 2933 3219 archicapel-

1115 3245 1250 3310 lani
1292 3246 1525 3311 notavi.
1581 3227 1735 3330 (55
1764 3241 1827 3301 ὅ
1856 3249 1881 3314 )
1938 3230 2161 3344 (JW.)

592 3467 658 3519 ,ἡ
693 3402 866 3466 Data
893 3400 949 3466 V
990 3401 1302 3468 kalendas
1332 3398 1505 3489 MaJQ
1554 3425 1722 3470 anno
1769 3404 2125 3471 dominicae
2166 3403 2618 3473 incarnationis
2665 3399 2933 3468 Dccoo

659 3483 996 3591 LXXVI,
1046 3508 1389 3576 indictione
1433 3512 1507 3595 V,
1569 3532 1737 3578 anno
1781 3533 1933 3578 vero
1978 3512 2159 3596 regni
2204 3511 2420 3577 domni
2466 3509 2714 3578 Ottonis
2759 3484 3007 3590 XVI,

693 3615 940 3699 imperii
984 3616 1066 3681 X.
1137 3617 1366 3683 Actum
1410 3619 1766 3684 Beramata.

785 3770 853 3818 Ex
884 3772 1164 3832 autographo
1187 3773 1234 3820 in
1254 3773 1478 3822 tabulario
1501 3775 1811 3835 praefecturae
1834 3774 2155 3822 Golmariensis
2178 3775 2428 3822 asservato.
2478 3773 2686 3832 Sigillum
2713 3771 2937 3819 avulsum.

878 3850 1134 3898 Ediderunt
1163 3852 1411 3913 Schopflim
1441 3855 1619 3902 Alsatia
1648 3856 1883 3915 diplomat.
1912 3855 1949 3911 1,
1979 3855 2083 3901 129.
2137 3854 2299 3914 Li‘mig,
2330 3853 2656 3901 Reiehsarchiv
2678 3851 2797 3908 xlx,
2828 3851 2937 3898 961.

878 3930 1138 3988 Heumann,
1187 3930 1244 3978 de
1290 3947 1339 3979 re
1386 3932 1681 3994 diplomatica
1724 3934 2000 3995 imperatric.
2035 3935 2140 3981 121.
2190 3957 2240 3966 —
2284 3933 2507 3990 Bfflrmer,
2546 3945 2641 3991 reg.
2674 3932 2787 3991 imp.
2828 3931 2938 3978 521.

879 4010 1062 4071 Stumpf
1089 4011 1176 4058 No.
1201 4013 1308 4060 704.

872 4209 914 4275 ι)
953 4209 1048 4262 sic.
1086 4209 1122 4262 l.
1148 4211 1450 4279 exquirere.

533 5375 812 5404 mr*
829 5385 850 5388 -
863 5385 949 5392 “’”““
1071 5392 1074 5394 ’
1379 5389 1390 5394 '
1450 5387 1489 5395 ”·““
1502 5387 1512 5392 ”
1556 5389 1567 5394 “
1618 5391 1626 5396 ·
1655 5385 1841 5404 ffl'fi—
1854 5387 1901 5393 ’-
1922 5387 1933 5392 ⁶
1952 5389 1957 5392 '
2002 5389 2029 5393 ’”
2084 5389 2127 5394 ”“’
2143 5385 2579 5404 ’,ἐ“”·’“’““““.·’“ἰ“”“,“”“1““-““ῗῗ-“Σᾼ
2592 5381 2941 5404 ᾞΣᾏζᾋ-ῌ-
2958 5401 2961 5403 Α
2998 5399 3001 5402 .
3018 5397 3065 5403 ..—..
