3209 5434
1343 518 1469 583 109

493 841 713 955 tatem
767 836 1123 913 concedit.
1214 841 1390 929 983,
1427 836 1594 912 Jun.
1629 844 1714 913 -5,
1798 836 2156 919 Veronae.

461 996 527 1062 G.
600 997 674 1062 In
722 996 974 1061 nomine
1020 1002 1280 1062 sanctae
1326 1002 1389 1062 et
1432 996 1798 1063 individuae
1839 998 2154 1062 trinitatis.
2235 996 2380 1063 Otto
2407 994 2519 1061 'di-

277 1103 432 1169 vina
461 1102 870 1187 dispensante
902 1104 1235 1168 clementia
1267 1104 1605 1188 imperator
1637 1110 1958 1187 augustus.
2021 1103 2124 1169 Ad
2153 1111 2522 1189 perpetuam

2590 588 2874 698 aa&

284 716 329 786 7
342 716 409 788 3.
498 711 663 787 Otto
700 710 784 787 II.
843 712 1238 810 imperator
1290 712 1732 788 monasterio
1791 712 1862 788 S.
1905 712 2130 789 Blasii
2181 713 2518 789 immuni·
2601 678 2866 778 4³⁹2(

277 1211 465 1275 nobis
511 1211 577 1275 in
624 1210 871 1276 Christo
919 1210 1282 1275 felicitatem
1327 1210 1633 1294 proficere
1679 1231 2035 1295 speramus,
2094 1210 2150 1275 si
2195 1179 2579 1301 aecclesiff‘
2611 1237 2618 1243 ·

280 1318 361 1383 ab
404 1320 433 1395 ΙΙ
478 1317 982 1383 antecessoribus
1041 1318 1271 1382 nostris
1332 1318 1469 1382 Deo
1528 1324 1920 1393 constructas
1982 1316 2090 1382 vel·
2135 1318 2520 1402 temporibus

278 1426 513 1491 nostris
562 1424 646 1489 ad
690 1424 993 1490 honorem
1040 1424 1177 1509 ejus
1223 1424 1552 1488 inchoatas
1601 1423 1958 1506 defendere,
2013 1431 2318 1509 perpetua
2362 1443 2522 1509 pace

281 1533 565 1597 stabilire
630 1551 758 1597 non
817 1532 1215 1614 negligimus
1310 1530 1496 1596 Unde
1555 1532 1842 1595 omnibus
1901 1530 2132 1595 Christi
2200 1531 2522 1617 nostrique

280 1638 576 1704 fidelibus
623 1645 752 1704 tam
797 1638 1019 1703 suturis
1068 1658 1256 1721 quam
1302 1630 1740 1724 p1·‡esentibus
1786 1643 1999 1702 notum
2037 1657 2180 1713 esse
2214 1621 2517 1720 volumus,

280 1747 551 1829 qualiter
605 1764 724 1810 nos
783 1747 1008 1810 cellam
1068 1744 1134 1809 in
1182 1744 1345 1809 silva
1390 1744 1761 1809 Swarzwalt
1817 1765 1857 1809 a
1913 1745 2095 1810 beato
2141 1744 2520 1827 Reginberto

280 1852 629 1919 baeremita
693 1852 937 1917 noviter
1006 1858 1428 1917 constructam
1485 1852 1622 1917 Deo
1693 1858 1753 1917 et
1819 1858 2040 1917 sancto
2096 1851 2312 1915 Blasio
2381 1870 2522 1914 cum

280 1960 441 2025 locis
511 1957 1095 2043 circumjacentibus
1165 1964 1229 2023 et
1292 1958 1732 2023 terminatione
1800 1978 2016 2023 eorum
2070 1978 2186 2042 pro
2243 1956 2520 2023 remedio

280 2066 530 2131 animae
595 2071 883 2149 nostrae,
968 2065 1268 2130 instinctu
1338 2084 1583 2147 quoque
1650 2064 1927 2129 fidelium
1996 2055 2379 2147 nostrorum,
2454 2063 2520 2127 in

279 2174 603 2258 proprium
657 2171 1058 2255 tradidimUS,
1121 2172 1398 2255 legitime
1456 2170 1988 2255 confirmavimus,
2049 2174 2128 2237 ab
2187 2140 2518 2264 οῑι1ι1ἱῘἭ>ἷ1ἶ

280 2280 518 2346 minum
564 2285 874 2364 potestate
919 2279 1183 2344 liberam
1225 2278 1487 2343 fecimus
1535 2298 1800 2360 eamque
1846 2278 2053 2343 eidem
2097 2284 2316 2343 sancto
2361 2277 2515 2361 vir0,

280 2388 390 2471 qui
434 2387 670 2471 primus
717 2386 805 2450 ibi
850 2386 1134 2451 habitare
1181 2389 1494 2468 coeperat,
1545 2390 1734 2468 atque
1781 2386 2069 2451 omnibus
2114 2384 2349 2451 ibidem
2378 2385 2519 2449 Deo

281 2494 695 2560 servientibus
741 2493 937 2558 libere
984 2499 1047 2557 et
1091 2492 1340 2582 quia-ete
1374 2490 1829 2576 possidendam
1873 2491 2328 2574 fruendamque
2375 2512 2520 2557 con-

281 2601 606 2667 cessimus.
669 2600 768 2664 Ea
795 2590 1091 2665 videlicet
1134 2600 1394 2677 ratione,
1443 2598 1606 2662 utin
1641 2598 1864 2663 eadem
1895 2599 2348 2681 terminatione,
2398 2596 2520 2663 hoc

281 2714 380 2773 est
436 2728 478 2771 a
534 2706 707 2772 sonte
762 2706 1124 2771 Cheinbaeh
1182 2713 1397 2788 usque¹
1439 2704 1523 2769 ad
1582 2705 1798 2770 villam
1853 2704 2394 2789 Heibenswanda,
2459 2708 2522 2769 et

281 2814 430 2880 inde
473 2834 673 2896 usque
718 2812 803 2877 ad
836 2814 1041 2878 locum
1077 2811 1590 2877 Werenbrehtest
1633 2787 1777 2894 111a‘,'
1812 2819 1873 2877 et
1915 2813 2006 2878 ita
2049 2834 2164 2897 per
2209 2811 2520 2878 declivum

280 2921 513 2987 montis
559 2940 759 3003 usque
805 2940 929 3003 quo
962 2918 1441 2985 Swendenbacb
1488 2917 1691 2983 influit
1719 2919 1967 3003 Albam,
2015 2918 2288 3001 indeque
2322 2916 2522 3001 usque

280 3027 368 3094 ad
412 3033 614 3093 ortum
660 3022 981 3110 Steinaha,
1032 3027 1304 3109 indeque
1350 3045 1547 3108 usque
1595 3026 1678 3091 ad
1731 3032 2006 3091 montem
2051 3024 2390 3109 Veltperch
2436 3023 2522 3089 ad

281 3141 486 3201 ortum
519 3135 739 3219 Albae,
791 3140 854 3199 et
897 3132 1048 3199 inde
1095 3153 1294 3216 usque
1340 3132 1425 3197 ad
1470 3133 1677 3197 locum
1723 3132 1829 3196 ubi
1876 3132 2222 3197 Swarzaha
2265 3132 2394 3197 exit
2439 3123 2537 3195 de'

280 3242 427 3308 lacu
481 3242 745 3307 Sloohse
805 3246 867 3306 et
910 3240 1097 3325 juxta
1153 3240 1485 3306 decursum
1550 3238 1861 3323 praedicti
1925 3238 2099 3303 fluvii
2173 3257 2369 3321 usque
2436 3236 2521 3302 ad

280 3349 518 3431 locum,
575 3349 681 3413 ubi
729 3348 1091 3414 Cheinbach
1138 3346 1339 3411 influit
1385 3346 1731 3412 Swarzaha
1775 3352 1837 3410 et
1881 3346 1971 3410 ita
2014 3366 2213 3429 usque
2257 3344 2342 3409 ad
2386 3344 2521 3409 fon-

280 3461 410 3521 tem
456 3454 848 3539 Cheinbach,
910 3456 1121 3521 nullus
1180 3453 1307 3517 dux
1370 3459 1477 3519 aut
1532 3473 1744 3519 comes
1803 3454 1905 3519 vel
1952 3453 2082 3517 alia
2127 3453 2340 3535 aliqua
2383 3472 2522 3535 per-

283 3582 445 3627 sona
486 3561 689 3647 major
732 3562 835 3627 vel
881 3562 1085 3626 minor
1130 3559 1369 3643 aliquid
1404 3560 1567 3645 juris
1616 3561 1872 3642 habeat,
1929 3560 2207 3642 aliquam
2250 3564 2522 3643 potesta-

280 3675 409 3734 tem
456 3676 774 3752 exerceat,
825 3670 926 3735 vel
970 3670 1164 3733 ullam
1208 3667 1764 3755 inquiaetationem
1812 3666 2138 3731 monachis
2186 3667 2252 3729 in
2299 3665 2522 3732 eadem

284 3778 448 3841 cella
511 3777 905 3841 manentibus
974 3775 1203 3839 inferre
1270 3754 1610 3858 presumat.
1706 3772 1891 3851 Quod
1961 3774 2016 3837 si
2071 3771 2524 3857 presumpserit

282 3873 499 3965 regiae
544 3882 840 3967 potestati
888 3881 1253 3966 subjacebit.
1324 3881 1407 3945 Et
1451 3886 1519 3944 ut
1560 3880 1721 3945 haec
1757 3886 1975 3945 nostra
2004 3878 2236 3961 regalis
2249 3874 2522 3943 'traditio

284 3989 528 4054 stabilis
576 3996 637 4055 et
682 3990 1053 4055 inconvulsa
1096 3988 1264 4054 omni
1310 3994 1591 4071 tempore
1637 3992 2022 4070 permaneat,
2073 3985 2238 4048 hanc
2285 3991 2524 4049 cartam

284 4096 599 4161 conscribi
656 4116 971 4179 manuque
1025 4094 1287 4180 propria
1338 4094 1833 4159 *corroborantes
1903 4091 2097 4175 sigilli
2149 4090 2349 4155 nostri
2408 4090 2522 4154 im-

283 4204 611 4286 pressione
646 4202 953 4287 jussimus
998 4200 1307 4284 insigniri.

712 4415 938 4479 ratoris
985 4414 1234 4498 augusti
1278 4409 1416 4497 (M).
1488 4408 1579 4497 (S.
1615 4407 1721 4496 R.)

2885 562 3124 649 βιωῐ

2877 666 2970 725 M.
2987 660 3121 739 Α]

2575 2722 2944 2809 armfr‘ffl
2953 2701 3118 2759 οἶμ’

2697 2821 2720 2841 2
2767 2791 3058 2846 2..fij-³r
3073 2806 3096 2817 ⁵·

2899 2856 2910 2866 π

2585 2860 2782 2936 fWo·
2785 2892 2802 2905 ’κ
2807 2862 2904 2901 θ“““.)

2889 2878 2892 2881 ’
2931 2867 2970 2895 ν
