3209 5434
1324 523 1411 587 49

246 678 438 744 tionis
486 678 621 764 ejus
667 679 907 764 XVIII,
957 681 1139 765 regni
1166 701 1316 747 vero
1346 681 1523 746 VIII.
1591 680 1819 746 Actum
1864 681 2201 749 Rochidez.
2265 684 2342 748 In
2371 684 2495 751 Dei

247 785 503 851 nomine
547 784 814 852 feliciter
861 807 1063 852 amen.

337 959 406 1007 Ex
427 961 768 1034 autographo-
731 975 777 1008 ιιι
799 961 1023 1008 tabulario
1047 961 1359 1008 Carlsrnhensi
1377 963 1627 1009 asservato.
1661 961 1810 1020 Sigilli
1826 962 2088 1023 inscriptio.
2117 976 2153 1011 -ι-
2177 963 2492 1025 HEINRIGVS

433 1039 685 1087 TERTIVS
708 1041 771 1087 D1
800 1041 920 1088 GRA
940 1041 1073 1088 REX.
1121 1042 1280 1089 Edidit
1304 1041 1600 1098 Wurdtwein,
1636 1041 1820 1088 Subsid.
1846 1042 2033 1102 diplom.
2052 1042 2110 1100 V,
2142 1045 2247 1091 250.
2286 1068 2335 1076 —
2372 1044 2493 1091 Bah-

433 1133 545 1177 mor,
575 1117 688 1178 Reg.
711 1121 823 1180 imp.
845 1121 983 1168 1542.
1031 1121 1215 1180 Stampf
1242 1122 1382 1168 2299.

253 1452 376 1525 34.
459 1449 848 1526 Heinricus
884 1449 998 1526 III.
1049 1450 1410 1546 Sigenam,
1461 1450 1770 1527 Richolfi
1824 1475 2126 1544 servam,
2184 1428 2492 1530 excusso

463 1573 759 1651 denario
814 1576 1268 1651 manumittit.
1336 1582 1562 1669 1050,
1617 1574 1761 1652 Jul.
1812 1581 1931 1653 16.
1990 1576 2486 1654 Nourenberc.

424 1754 500 1817 In
555 1754 807 1819 nomine
871 1759 1131 1820 sanetae
1199 1760 1261 1819 et
1327 1753 1695 1820 individuae
1751 1753 2063 1819 trinitatis,
2155 1755 2502 1833 Heinricus

247 1856 465 1924 divina
519 1860 771 1929 favente
829 1861 1164 1927 clementia
1219 1862 1646 1926 Romanorum
1700 1860 2071 1945 imperator
2095 1868 2418 1946 3113118138.
2462 1844 2508 1937 ff

245 1965 479 2031 Notum
546 1967 628 2032 sit
649 1949 682 2057 H
701 1968 988 2032 omnibus
1047 1967 1280 2033 Christi
1343 1967 1667 2050 nostrique
1735 1965 2027 2032 fidelibus
2082 1973 2214 2033 tam
2267 1968 2492 2034 futuris

247 2091 440 2154 quam
488 2075 945 2158 praesentibus,
998 2074 1265 2157 qualiter
1308 2094 1427 2140 nos
1472 2094 1588 2158 per
1616 2092 1871 2151 manum
1906 2073 2235 2186 cujusdam
2264 2075 2492 2140 nobilis

192 2199 216 2211 ”
245 2178 394 2262 viri,
445 2179 717 2270 1118110111
759 2181 942 2264 dicti,
994 2162 1342 2265 quandam*
1362 2181 1459 2247 sui
1495 2180 1661 2264 juris
1708 2199 1984 2262 servam,
2035 2178 2344 2270 Sigenam
2381 2201 2492 2248 no-

244 2285 444 2368 mine,
504 2307 694 2352 manu
739 2294 959 2353 nostra
1014 2287 1096 2354 de
1141 2309 1332 2353 manu
1385 2288 1556 2353 illius
1604 2286 1865 2351 denario
1913 2307 2183 2353 excusso
2228 2268 2493 2363 liberam

245 2391 508 2458 fecimus
558 2400 746 2477 atque
792 2396 871 2460 ab
905 2396 1074 2460 omni
1095 2394 1254 2480 jugo
1302 2393 1552 2460 debitae
1593 2393 1912 2459 servitutis
1959 2394 2364 2478 absolvimuS,
2416 2415 2494 2460 ea

245 2499 542 2566 videlicet
598 2501 871 2585 ratione,
933 2508 1002 2566 111
1061 2489 1676 2599 111381118138138113.
1719 2500 1831 2565 tali
1878 2499 2179 2585 deinceps
2225 2501 2370 2585 lege
2415 2521 2493 2567 ac
2528 2531 2546 2547 ·-

244 2606 538 2673 libertate
581 2613 818 2690 utatur,
883 2608 1054 2691 quali
1101 2592 1314 2689 cetere
1354 2628 1395 2671 a
1437 2608 1691 2691 regibus
1736 2609 1841 2674 vel
1885 2608 1964 2672 ab
2010 2607 2503 2691 imperatoribus
2540 2632 2544 2636 ·

168 2758 173 2769 ,
245 2698 647 2800 manumisse
644 2701 1012 2798 hucusque
1072 2721 1218 2780 sunt
1261 2682 1415 2794 usesl
1461 2715 1543 2778 Et
1588 2721 1657 2779 ut
1702 2714 1859 2779 haec
1906 2735 1947 2780 a
1986 2714 2169 2781 nobis
2217 2714 2520 2788 donatae,

245 2821 554 2887 libertatis
611 2821 952 2887 auctoritas
1010 2822 1239 2887 amodo
1287 2821 1530 2886 stabilis
1579 2827 1642 2887 et
1686 2821 2061 2887 inconvulsa
2103 2827 2489 2906 permaneat,

247 2927 415 2994 hanc
462 2934 703 2993 cartam
747 2927 898 2993 inde
944 2928 1367 3013 conscriptam
1419 2927 1615 3011 sigilli
1659 2929 1860 2993 nostri
1904 2928 2322 3012 impressione
2355 2927 2492 3014 jus·

247 3035 444 3100 simus
488 3035 797 3118 insigniri.

569 3176 981 3243 Winitherius
1039 3174 1454 3241 cancellarius
1510 3174 1651 3241 vice
1694 3174 2009 3242 Bardonis
2065 3174 2491 3242 archicancel-

673 3284 816 3349 larii
859 3282 1216 3366 recognovi.
1287 3277 1386 3365 (L.
1419 3276 1516 3364 S.)

245 3424 418 3489 Data
437 3425 626 3490 XVII
648 3426 962 3492 kalendas
986 3423 1273 3509 Augusti,
1301 3444 1467 3489 anno
1491 3423 1848 3489 dominicae
1869 3421 2323 3490 incarnationis
2347 3423 2490 3508 ML,

246 3530 591 3598 indictione
621 3534 738 3616 III,
790 3553 956 3598 anno
989 3540 1198 3598 autem
1236 3530 1450 3596 domni
1482 3531 1764 3596 Heinriei
1793 3531 1972 3596 tercii
2003 3531 2191 3614 18318,
2226 3529 2491 3596 secundi

245 3622 1104 3760 imperatorisuordinationis
1163 3637 1300 3722 ejus
1343 3638 1536 3712 XXI,
1596 3638 1778 3721 regni
1820 3638 1980 3721 XII,
2043 3637 2291 3721 imperii
2334 3637 2486 3702 IIII.

245 3745 477 3810 Actum
520 3746 900 3840 Νὸι811118ι8.
968 3745 1262 3810 Feliciter
1308 3765 1510 3810 3111811.

340 3918 408 3967 Ex
440 3921 720 3980 autographo
762 3920 812 3967 in
841 3921 1065 3967 tabulario
1097 3919 1359 3966 Monacensi
1391 3922 1649 3976 asservato,
1692 3919 1816 3979 qnod
1848 3933 1902 3965 ex
1934 3895 2135 3965 archivio
2167 3918 2489 3976 Bambergensi

435 4000 723 4061 desumptum
751 4003 835 4047 est.
877 4000 1138 4047 Membrana
1165 4000 1374 4046 minimae
1402 3999 1588 4056 formae,
1622 3999 1823 4056 sigillum
1847 3999 2136 4063 impressum,
2167 3999 2336 4058 partim
2364 3997 2489 4044 avul-

435 4093 548 4125 sum.
595 4079 718 4126 Edit.
748 4080 798 4126 in
827 4080 1026 4127 Monam.
1058 4080 1183 4126 Boic.
1214 4079 1394 4135 xxm,
1428 4080 1534 4125 101.
1584 4101 1636 4110 —
1685 4077 1907 4133 Bbhmer,
1953 4075 2065 4135 Rog.
2098 4077 2236 4124 160⁷.
2293 4076 2490 4137 Stumpf,

435 4157 548 4217 Reg.
575 4159 711 4205 2390.
