3209 5434
1254 534 1335 598 77

166 698 385 759 nostro
438 685 710 778 principi
767 691 994 758 illustri
1040 691 1257 759 Ottoni
1310 692 1594 778 palatino
1649 691 1859 756 comiti
1873 686 1922 774 ¹)
1978 690 2139 757 Reni
2194 692 2411 757 villam

166 798 492 865 Waltdors
530 798 881 865 remisimus
929 818 1071 864 cum
1114 799 1401 864 omnibus
1449 798 1812 880 attinentiiS,
1864 817 1985 879 que
2030 796 2116 862 ad
2144 798 2411 863 eandem

166 904 406 971 villam,
433 913 721 989 spectare
768 904 1193 970 dinoscuntur.
1264 906 1347 970 Et
1392 904 1476 969 ad
1505 904 1811 990 majorem
1843 905 2238 970 securitatem
2274 926 2411 990 pre-

167 1031 320 1077 sens
364 1012 665 1096 scriptum
698 1011 907 1095 sigillo
938 1017 1152 1077 nostre
1184 1011 1574 1077 celsitudinis
1608 1011 2053 1076 communitum
2080 1017 2411 1097 prenotato

163 1118 452 1203 palatino
467 1112 518 1203 ²)
565 1118 777 1185 comiti
820 1118 984 1184 Reni
1026 1118 1422 1204 precepimus
1470 1116 1772 1184 exhiberi.

348 1253 582 1317 Datum
672 1251 844 1336 apud
932 1252 1167 1334 Egram
1179 1300 1198 1334 ,
1294 1271 1460 1317 anno
1553 1250 1888 1317 dominice*
1957 1251 2411 1318 incarnationis

162 1357 548 1444 MCCXXX,
596 1358 721 1425 XV
765 1357 1077 1424 kalendas
1122 1359 1163 1426 J
1167 1358 1293 1443 ulii,
1345 1357 1689 1424 indictione
1733 1358 1849 1423 ΠΙ.

263 1534 330 1582 Ex
366 1534 483 1581 libro
523 1534 689 1594 copiali
728 1534 930 1596 palatino
961 1534 1047 1581 No.
1070 1534 1112 1581 11
1150 1534 1199 1581 in
1229 1533 1453 1581 tabulario
1486 1532 1802 1581 carlsruhensi
1844 1536 2100 1589 asservato,
2144 1546 2248 1593 pag.
2266 1532 2411 1591 nub,

353 1614 628 1661 Ediderunt:
660 1614 828 1671 cher,
860 1614 1083 1661 Zeitschr.
1103 1614 1135 1661 f.
1156 1614 1479 1661 Archivkunde
1500 1613 1555 1667 ΙΙ,
1577 1614 1684 1659 511.
1740 1612 1948 1671 Huillard
1961 1609 2248 1675 &Brfihqlkffi
2289 1612 2408 1659 Hist-

354 1693 467 1753 del.
486 1692 707 1741 Friderici
726 1694 783 1751 11,
804 1694 895 1741 vol.
915 1694 992 1751 ΙΙΙ,
1024 1706 1071 1755 p.
1090 1695 1201 1741 421.
1239 1717 1286 1727 *-
1326 1692 1537 1749 ΒὸῙιιιιοτ,
1568 1690 1682 1751 Reg.
1704 1692 1860 1739 Heinr.
1882 1692 1980 1748 VII,
2012 1692 2097 1739 No.
2119 1692 2224 1739 206.

166 1987 298 2056 55.
382 1978 770 2056 Heinricus
828 1977 1045 2076 (VII.)
1133 2001 1265 2053 rex
1342 1976 1753 2078 promulgat
1821 1978 2251 2053 sententiam
2322 1977 2407 2052 ab

384 2104 641 2179 abbate
708 2103 780 2180 S.
840 2101 1028 2179 Galli
1096 2103 1360 2178 dictam
1430 2102 1520 2178 de
1591 2103 1806 2178 bonis
1878 2107 1949 2177 et
2012 2102 2411 2177 hereditate

385 2251 657 2320 eorum,
716 2228 841 2327 qui
894 2232 1197 2327 propter
1245 2228 1581 2302 haeresin
1639 2228 1896 2325 capitis
1953 2225 2411 2315 condemnati

384 2358 649 2429 essent.
740 2357 966 2446 1231,
1020 2351 1197 2427 Juni
1236 2357 1304 2428 2.
1389 2350 1826 2430 Wormacie.

349 2511 681 2578 Heinricus
711 2511 836 2577 Dei
879 2512 1085 2596 gratia
1112 2512 1539 2578 Romanorum
1573 2532 1687 2577 rex
1716 2517 1778 2577 et
1808 2531 2056 2596 semper
2086 2516 2407 2594 augustiis.

162 2617 502 2685 Universis
547 2620 671 2684 hoc
725 2619 1027 2704 scriptum
1082 2619 1479 2685 cernentibus
1535 2618 1806 2701 gratiam
1863 2637 2044 2683 suam
2111 2625 2175 2683 et
2227 2637 2411 2683 omne

162 2725 421 2791 bonum.
504 2724 828 2804 Quesitum
888 2725 1004 2791 fuit
1048 2727 1393 2793 Wormatie
1452 2745 1668 2792 coram
1720 2724 1902 2791 nobis
1959 2724 2026 2790 in
2079 2724 2407 2807 sententia,

165 2831 276 2898 cui
342 2831 424 2898 de
470 2830 615 2917 jure
673 2832 899 2899 cedere
958 2833 1259 2899 deberent
1319 2832 1652 2918 cujuslibet
1707 2831 1980 2897 hominis
2038 2832 2232 2916 bona,
2305 2833 2411 2915 qui

164 2945 427 3025 propter
482 2938 757 3005 heretice
802 2940 1130 3024 pravitatis
1178 2960 1454 3005 errorem
1499 2938 2068 3024 condempnaretur
2123 2937 2207 3003 ad
2249 2957 2411 3003 mor-

162 3052 314 3111 tem.
398 3045 617 3111 Abbas
675 3066 824 3112 vero
884 3047 1087 3112 sancti
1135 3047 1304 3114 Galli
1360 3046 1698 3129 requisitus
1759 3046 1948 3112 talem
1991 3043 2411 3130 promulgavit

166 3152 547 3219 sententiam
592 3152 1007 3238 approbatam
1053 3153 1132 3218 ab
1180 3153 1486 3236 omnibus,
1538 3153 1708 3235 quod
1754 3150 2023 3218 heredes
2071 3150 2407 3234 condemp-

165 3260 304 3326 nati
349 3260 531 3325 bonis
588 3259 722 3344 ejus
778 3259 1081 3325 deberent
1123 3259 1519 3325 hereditariis
1568 3281 1646 3326 ac
1690 3258 2067 3344 patrimonio
2111 3257 2407 3342 gaudere,

165 3365 491 3458 beneficiis
548 3365 684 3450 ejus
732 3366 1017 3432 similiter
1060 3365 1144 3431 ad
1180 3365 1289 3450 jus
1312 3406 1322 3419 -.
1336 3372 1399 3431 et
1454 3372 1831 3449 potestatem
1888 3365 2311 3448 dominorum,
2372 3383 2411 3429 a

168 3472 398 3555 quibus
428 3472 761 3556 habebant,
796 3472 1219 3556 redeuntibuS,
1270 3471 1526 3538 domino
1567 3493 1738 3557 vem,
1790 3472 2215 3559 cujuscunque
2244 3477 2415 3537 esset

167 3578 360 3644 homo
392 3578 910 3666 condempnatus,
944 3581 1127 3645 bonis
1159 3579 1295 3665 ejus
1317 3580 1664 3645 'mobilibus
1696 3580 2018 3663 innitente,
2051 3579 2172 3644 hoc
2201 3585 2411 3645 tamen

168 3692 458 3770 excepto,
508 3686 680 3769 quod
726 3692 1013 3771 sumptus
1058 3685 1144 3751 ad
1177 3686 1537 3753 incendium
1568 3686 1985 3753 hereticorum
2029 3684 2306 3751 faciendi
2352 3693 2415 3749 et

169 3812 414 3858 merces
462 3793 707 3858 comitis
767 3792 847 3858 de
896 3792 1075 3858 bonis
1122 3813 1339 3859 eorum
1382 3793 1588 3859 forent
1630 3795 1963 3860 mobilibus
2023 3791 2407 3877 recipienda.

168 3898 376 3984 Super
429 3919 554 3983 quo
621 3906 978 3985 presentem
1032 3900 1333 3985 paginam
1402 3900 1718 3966 conscribi
1777 3900 2038 3965 fecimus
2098 3906 2161 3965 et
2218 3897 2411 3983 sigilli

167 4006 371 4072 nostri
430 4007 787 4081 testimonio
836 4006 1219 4071 communiri.
1300 4007 1556 4073 Testes:
1616 4006 1884 4073 Sifridus
1931 4004 2411 4091 Ratisponensis

168 4112 527 4197 episeopus,
562 4113 908 4198 imperialis
940 4114 1083 4179 aule
1115 4113 1548 4196 cancellarius,
1585 4111 1970 4179 Wernherus
2007 4112 2087 4178 de
2117 4109 2411 4178 Bonland

168 4219 517 4306 imperialis
564 4219 708 4287 aule
753 4219 1029 4305 dapifer,
1080 4218 1442 4286 Grotefridus
1488 4218 1571 4286 de
1615 4218 2026 4305 Randeggen,
2074 4218 2411 4285 Heinricus

321 4447 392 4514 ¹¹)
430 4446 646 4501 comitis
683 4445 818 4501 Cod.
961 4445 1005 4510 ²)
1043 4446 1271 4515 palatini
1308 4447 1441 4502 Cod.
