3209 5434
1700 552 1704 556 ·
1741 526 1868 591 134

676 687 1029 773 Imperialis
1067 686 1323 771 justicie
1354 685 1536 751 decet
1567 685 1983 767 clementiam,
2034 690 2102 749 ut
2135 702 2258 767 que
2284 682 2368 747 ab
2415 680 2920 747 antecessoribus

674 794 907 861 nostris
952 795 1207 878 regibus
1256 793 1391 859 sive
1436 792 1919 877 imperatoribus
1967 791 2050 855 ad
2096 791 2376 856 favorem
2406 790 2626 873 populi
2657 788 2920 873 alicujus

678 906 788 966 aut
832 900 1103 965 civitatis
1149 899 1256 983 pie
1304 904 1539 963 statuta
1587 899 2085 982 cognoverimus,
2132 918 2216 962 ea
2255 916 2372 961 nos
2405 894 2774 961 confirmare
2819 899 2924 959 aut

676 1026 985 1073 renovare
1031 1005 1389 1071 debeamus.
1465 1004 1626 1069 Cum·
1670 1006 1858 1088 igitur
1901 1004 1984 1069 ad
2015 1005 2312 1069 noticiam
2356 1009 2637 1068 nostram
2679 1002 2923 1086 perlata

676 1112 902 1179 fuisset
968 1112 1112 1193 dive
1178 1111 1475 1191 memorie
1543 1112 1826 1177 Heinriei
1883 1112 1958 1177 V.
2029 1112 2453 1175 Romanorum
2529 1108 2919 1193 imperatoris

681 1219 932 1303 augusti
979 1218 1351 1283 constitucio
1398 1217 1640 1283 civibus
1686 1218 2265 1283 Wormaciensibus
2325 1215 2791 1281 racionabiliter
2833 1214 2920 1279 in·

682 1324 886 1408 dulta,
944 1344 1062 1389 nos
1108 1330 1249 1389 rata
1291 1324 1511 1389 haberi
1555 1325 1839 1391 volentes
1888 1345 1993 1408 ea,
2044 1345 2165 1407 que
2208 1323 2377 1388 idem
2423 1323 2765 1407 imperator
2780 1371 2797 1404 ,
2845 1320 2920 1387 de

682 1431 860 1517 eujus
906 1452 1023 1497 nos
1072 1432 1269 1515 stirpe
1314 1431 1620 1514 originem
1666 1429 1952 1496 ducimus
1969 1481 1985 1514 ,
2033 1430 2430 1496 laudabiliter
2478 1428 2692 1494 statuit
2738 1434 2800 1493 et
2842 1426 2922 1493 ad

680 1537 961 1604 favorem
1007 1538 1238 1603 civium
1268 1537 1821 1603 wormatiensium
1868 1538 2200 1622 privilegio
2239 1557 2354 1603 suo
2384 1535 2719 1619 roboravit,
2769 1535 2920 1620 ipsis

681 1644 973 1711 fidelibus
1019 1644 1257 1710 nostris
1300 1643 1539 1709 civibus
1570 1646 2138 1710 Wormatiensibus
2171 1644 2612 1710 confirmamus
2656 1662 2737 1707 ex
2782 1662 2920 1711 con-

683 1752 950 1818 scientia
1005 1758 1067 1816 et
1126 1769 1441 1816 consensu
1499 1748 1614 1815 filii
1671 1752 1871 1816 nostri
1928 1752 2210 1816 Heinriei
2267 1752 2693 1816 Romanorum
2761 1748 2920 1833 regis

684 1858 962 1942 augusti,
1024 1856 1107 1921 ad
1155 1855 1485 1921 consilium
1541 1858 1894 1942 principum
1951 1864 2013 1923 et
2057 1858 2433 1942 peticionem
2478 1856 2686 1921 fidelis
2733 1855 2922 1920 nostri

686 1959 965 2031 Cfinradi
1009 1963 1521 2046 wormatiensis,
1572 1965 1877 2049 episcopi,
1927 1964 2253 2029 Thietheri
2297 1963 2556 2049 majoris
2602 1962 2917 2048 prepositi,

686 2071 1006 2157 Luppoldi
1052 2069 1352 2153 custodis,
1402 2091 1545 2136 cum
1588 2071 1987 2155 beneplacito
2034 2072 2224 2136 etiam
2263 2069 2617 2135 Burchardi
2647 2071 2920 2135 Worma-
3007 2150 3017 2157 .

686 2178 908 2245 tiensis
953 2177 1335 2243 vicedomini
1378 2178 1786 2261 aliorumque,
1839 2178 1944 2261 qui
1979 2178 2088 2263 jus
2120 2185 2182 2244 et
2224 2182 2602 2261 potestatem
2648 2178 2714 2241 in
2761 2177 2922 2242 eives

689 2285 923 2353 habere
966 2284 1369 2366 videbantur,
1421 2286 1780 2350 statuimus:
1834 2292 1902 2350 ut
1947 2285 2102 2350 civis
2147 2284 2628 2351 Wormatiensis
2675 2282 2926 2367 quilibet

692 2398 754 2457 et
797 2392 864 2455 in
910 2390 1130 2455 eadem
1176 2391 1469 2456 habitans
1517 2392 1800 2475 civitate,
1861 2392 1918 2457 si
1961 2412 2222 2457 uxorem
2269 2391 2518 2455 duxerit
2561 2410 2672 2471 sue
2719 2389 2926 2455 condi-

688 2498 879 2563 tionis
927 2503 1033 2561 aut
1078 2498 1363 2580 alteriue,
1414 2499 1552 2564 sive
1595 2503 1896 2563 uxoratus
1942 2498 2092 2563 111116
2140 2498 2396 2563 aliunde
2439 2498 2637 2580 venit,
2699 2496 2819 2561 hac
2863 2496 2926 2560 in

692 2610 1064 2689 perpetuum
1124 2604 1518 2687 indulgentia
1574 2604 1957 2690 perfruatur,
2015 2611 2082 2669 ut
2139 2606 2347 2670 nullus
2395 2604 2742 2669 advocatus
2787 2623 2928 2668 con-

685 2710 868 2796 jugia
914 2711 1337 2795 cujuscunque
1367 2712 1850 2777 Wormatiensis
1893 2711 2048 2777 civis
2084 2711 2424 2796 juramenti
2457 2712 2782 2777 coactione
2827 2716 2930 2775 aut

691 2817 915 2900 quovis
962 2817 1087 2882 alio
1133 2817 1371 2900 ingenii
1417 2817 1606 2883 modo
1655 2818 1978 2883 dissolvat.
2052 2818 2242 2885 Nulla
2282 2823 2565 2902 potestas
2595 2817 2797 2903 major
2827 2823 2930 2882 aut

664 2923 896 2990 'minor
949 2924 1067 2988 viri
1123 2924 1349 2990 mortui
1409 2930 1515 2990 aut
1572 2925 1851 2990 mulieris
1913 2942 2014 2989 res
2075 2925 2326 2990 relictas
2397 2930 2505 2988 aut
2560 2924 2798 3007 aliquid
2851 2923 2930 2989 de

691 3030 878 3095 rebus
934 3029 1069 3113 ejus
1124 3037 1446 3115 tamquam
1492 3031 1638 3116 jure
1693 3032 1814 3097 sibi
1871 3031 2149 3097 debitum
2205 3031 2433 3114 exigat
2505 3030 2576 3096 Si
2634 3051 2785 3115 ergo
2837 3030 2931 3095 vir

690 3136 865 3221 prior
909 3156 1107 3203 uxore
1152 3158 1270 3203 sua
1314 3139 1632 3221 moriatur,
1683 3158 1842 3202 uxor
1874 3144 1935 3203 et
1964 3140 2174 3223 proles
2208 3158 2284 3202 ex
2317 3138 2426 3201 illo
2458 3137 2593 3202 viro
2641 3142 2932 3221 suscepta

694 3264 943 3309 omnem
996 3244 1115 3309 viri
1170 3244 1583 3311 hereditatem
1641 3251 1772 3309 tam
1828 3245 2086 3309 mobilia
2156 3265 2343 3326 quam
2409 3244 2736 3310 inmobilia
2798 3245 2931 3309 sine

696 3349 1192 3416 contradictione
1238 3351 1569 3433 obtinebit3
1621 3350 1906 3417 similiter
1953 3352 2010 3416 si
2052 3372 2211 3416 uxor
2253 3352 2685 3435 premoriatur,
2735 3352 2831 3416 vir
2871 3356 2934 3415 et

698 3474 816 3520 sua
859 3457 1072 3539 proles
1121 3477 1200 3521 ex
1246 3457 1358 3522 illa
1400 3478 1597 3523 uxore
1645 3464 1942 3543 suscepta
1987 3458 2199 3523 omnia
2227 3463 2466 3538 mortue
2509 3458 2726 3523 uxoris
2771 3459 2934 3522 bona

696 3561 1014 3627 obtinebit.
1087 3562 1269 3641 Quod
1315 3564 1371 3629 si
1416 3565 1712 3630 alteruter
1757 3566 2096 3650 conjugum
2137 3564 2274 3630 sine
2320 3564 2553 3630 herede
2597 3565 2930 3649 premoria-

695 3673 823 3748 tur,
884 3675 1203 3753 superstes
1260 3690 1509 3736 omnem
1552 3671 1895 3755 premortui
1941 3671 2354 3737 hereditatem
2370 3722 2386 3753 ,
2436 3671 2649 3753 quoad
2687 3669 2928 3752 vixerit,

694 3773 891 3839 libere
935 3775 1317 3859 possidebit3
1378 3776 1688 3843 defunctis
1746 3783 1952 3842 autem
2011 3777 2314 3843 ambobus
2373 3778 2508 3843 sine
2567 3780 2747 3863 prole
2791 3798 2932 3843 con-

687 3876 967 3965 jugibus,
1017 3881 1101 3946 ad
1146 3884 1467 3967 proximos
1513 3904 1729 3949 eorum
1758 3884 2026 3950 heredes
2057 3884 2278 3949 relicta
2307 3885 2387 3948 ab
2419 3884 2542 3950 illis
2576 3882 2936 3949 substancia

701 3985 1083 4071 devolvetur,
1136 3996 1198 4055 et
1242 3990 1361 4055 viri
1407 3990 1660 4073 quidem
1705 3990 2023 4056 hereditas
2064 3990 2148 4054 ad
2177 3990 2444 4056 heredes
2475 3990 2609 4073 viri,
2660 3990 2934 4056 mulieris

700 4100 906 4159 autem
951 4094 1271 4161 hereditas
1317 4094 1402 4161 ad
1446 4096 1713 4162 heredes
1771 4097 2049 4162 mulieris
2107 4097 2424 4180 transibit,
2485 4098 2576 4162 ita
2631 4104 2700 4162 ut
2753 4116 2932 4163 nemo

702 4200 958 4283 aliquod
1016 4202 1137 4267 sibi
1184 4202 1293 4286 jus
1350 4202 1521 4268 dicat
1573 4204 1641 4267 in
1695 4204 1880 4268 bonis
1937 4209 2320 4269 mortuorum
2378 4204 2632 4269 racione
2689 4204 2934 4289 suppel-

702 4307 927 4372 lectilis
974 4328 1095 4390 que
1137 4310 1330 4391 vulgo
1391 4309 1623 4375 buvteil
1669 4310 1912 4376 dicitur.
1990 4312 2124 4377 Nos
2181 4330 2428 4394 quoque
2472 4310 2664 4376 fidem
2710 4332 2786 4377 66
2829 4310 2935 4377 (16-

701 4414 1020 4479 votionem
1066 4418 1129 4478 et'
1166 4435 1370 4498 prona
1414 4416 1720 4498 obsequia
1750 4417 2094 4482 eorundem
2129 4418 2358 4485 civium
2386 4418 2936 4485 wormatiensium
