3209 5434
1721 514 1848 582 178

657 682 720 743 et
748 675 1143 742 Brixiensem
1190 673 1528 760 episcopos
1573 673 1859 741 formulis
1906 675 1986 739 ab
2033 692 2151 740 usu
2197 671 2614 739 cancellariae
2644 686 2894 754 prorsus

657 784 884 850 alienis
930 782 1349 849 confirmatur.
2006 788 2011 793 '

837 926 955 992 No,
989 926 1096 990 40.
1161 923 1469 1008 Crismon‚
1519 922 1693 1006 quod
1723 922 2066 1008 Stumpfius
2098 922 2165 988 in
2194 920 2471 987 editione
2502 938 2637 1003 sua,
2686 916 2897 984 nescio

658 1053 786 1117 qua
830 1032 911 1098 de
957 1052 1168 1115 causa,
1220 1030 1448 1115 omisit,
1499 1030 1892 1115 autographo
1938 1051 2067 1095 non
2113 1027 2309 1095 deest.

839 1175 957 1241 No,
1027 1174 1134 1240 41.
1215 1171 1616 1239 Oonferenda
1660 1192 1803 1263 cum
1847 1173 1971 1237 hac
2018 1172 2239 1238 charta
2285 1172 2487 1237 altera
2514 1165 2756 1234 'eodem
2799 1164 2898 1230 die

660 1280 828 1365 data,
878 1287 1133 1347 nostrae
1178 1280 1566 1346 collectionis
1616 1280 1733 1345 No,
1772 1280 1876 1345 76.
1925 1314 2013 1323 —
2059 1281 2284 1345 Testes
2331 1279 2399 1343 in
2441 1296 2658 1361 regum
2706 1273 2899 1357 diplo-

659 1388 848 1454 matis
901 1388 1105 1473 primo
1152 1394 1594 1453 enumerantur
1640 1387 1707 1451 in
1754 1386 1977 1452 charta
2019 1385 2301 1452 Conradi
2330 1386 2414 1451 Π.
2465 1405 2522 1449 a.
2563 1382 2765 1464 1028,
2824 1378 2898 1443 cf.

660 1496 889 1561 librum
964 1515 1170 1560 meum
1238 1513 1432 1579 saepe
1501 1494 1759 1559 citatum
1827 1514 1889 1577 p.
1938 1493 2045 1558 47.
2138 1493 2469 1558 Albericus
2540 1486 2901 1555 casinensis

661 1597 1052 1687 (Rockinger
1105 1602 1146 1665 l.
1192 1621 1246 1666 c.
1293 1595 1408 1684 39)
1463 1601 1532 1665 in
1586 1606 1857 1665 tractatu
1913 1599 1994 1665 de
2048 1600 2398 1684 privilegiis
2446 1619 2543 1663 ex.
2595 1616 2764 1662 saec.
2810 1593 2903 1658 XI

664 1710 898 1794 scripto
931 1709 1180 1773 testium
1213 1708 1691 1791 subscriptionis
1720 1707 2098 1772 mentionem
2127 1728 2255 1789 non
2286 1706 2464 1788 facit3
2498 1705 2565 1769 in
2589 1702 2904 1769 Saxonica

661 1835 812 1882 vero
867 1835 1149 1899 „summa
1189 1834 1520 1899 prosarum
1547 1809 1973 1897 dictaminis“‚
2023 1836 2187 1899 quae
2215 1813 2424 1879 medio
2457 1811 2713 1877 saeculo
2746 1806 2904 1872 XIII

664 1921 904 2005 scripta
933 1927 1045 2005 est,
1095 1922 1186 1986 ita
1215 1922 1509 1987 habeturz
1565 1921 1896 2007 „Sequitur
1924 1917 2041 2005 (sc.
2075 1928 2223 2007 post
2260 1940 2513 1997 versum
2544 1916 2905 1983 corrobora·

662 2028 853 2094 tionis
899 2035 961 2093 et
1003 2034 1150 2113 post
1193 2024 1493 2112 poenam)
1539 2029 1791 2093 testium
1837 2030 2242 2113 subscriptio,
2301 2028 2382 2093 de
2427 2025 2655 2110 quibus
2702 2022 2908 2105 alique

663 2134 1028 2202 differencie
1071 2142 1218 2201 sunt
1261 2136 1588 2219 premisse.
1661 2137 1833 2202 Inter
1879 2156 2037 2219 quas
2085 2137 2275 2202 etiam
2304 2134 2552 2199 notabis
2585 2138 2649 2198 et
2676 2131 2909 2197 habere

665 2241 859 2307 debes
918 2240 1317 2307 differencias
1377 2263 1810 2326 personarum.
1894 2243 2207 2309 Videlicet
2261 2243 2318 2308 si
2376 2239 2589 2307 clerici
2644 2244 2707 2304 et
2764 2234 2909 2302 laici

666 2355 813 2414 sunt
863 2348 1173 2433 ponendi,
1227 2369 1428 2434 pones
1477 2350 1741 2415 clericos
1788 2349 1991 2435 primo
2036 2350 2179 2415 loco
2227 2347 2574 2415 secundum
2621 2344 2910 2410 differen-

579 2496 604 2523 ι
667 2456 802 2521 cias
855 2460 918 2520 et
962 2454 1215 2521 ordines
1263 2455 1662 2540 dignitatum,
1729 2456 1981 2522 demum
2024 2457 2243 2522 laicos.
2326 2458 2404 2521 In
2449 2453 2675 2538 quibus
2721 2452 2909 2517 etiam

667 2560 1043 2645 dignitatum
1097 2561 1496 2628 differencias
1542 2584 1671 2629 non
1718 2563 2009 2629 obmittes
2022 2614 2039 2647 ,
2100 2569 2168 2627 ut
2213 2562 2437 2627 ducem
2482 2560 2696 2627 comiti
2742 2565 2908 2624 ante·

667 2688 902 2753 ponas3
974 2668 1365 2735 condicionis
1435 2670 1627 2735 etiam
1694 2670 1979 2735 ordinem
2036 2670 2402 2735 observabis
2460 2669 2622 2734 inter
2678 2666 2908 2731 liberos

669 2773 959 2840 dominos
1018 2780 1080 2839 et
1123 2776 1564 2842 ministeriales
1623 2775 1911 2842 dominos
1926 2827 1943 2859 ‚
2006 2782 2069 2842 et
2118 2778 2398 2842 vasallos
2444 2776 2677 2841 liberos
2725 2780 2909 2856 atque

669 2901 887 2948 servos
909 2875 938 2909 “
991 2876 1382 2966 (Rockinger
1437 2885 1477 2948 l.
1522 2903 1574 2948 c.
1624 2879 1800 2966 219).
1881 2884 2265 2949 Observabis
2319 2883 2386 2947 in
2431 2888 2649 2947 nostra
2694 2880 2912 2947 charta

667 2994 862 3055 testes
917 2989 1058 3054 loco
1115 2989 1181 3054 in
1239 2990 1360 3055 hac
1413 3040 1444 3074 „
1465 3009 1711 3055 summa
1754 2985 2161 3056 dictaminis“
2218 2989 2385 3055 dicto
2431 2989 2701 3072 scriptos
2748 2989 2907 3069 esse,

668 3096 736 3161 in
782 3116 860 3160 ea
903 3115 1053 3160 vero
1100 3115 1264 3178 quae
1308 3096 1636 3180 praecedit
1680 3103 1827 3162 ante
1856 3117 2108 3163 versum
2138 3096 2688 3163 corroborationis.
2762 3095 2911 3160 Sae-

670 3203 814 3268 culo
845 3202 976 3267 XII
1016 3202 1083 3267 in
1127 3203 1476 3287 privilegiis
1513 3204 1921 3270 sollemnibus
1952 3210 2145 3271 testes
2190 3204 2324 3271 fere
2368 3224 2618 3289 semper
2666 3222 2911 3269 enume-

670 3315 904 3375 rantur.

853 3450 970 3516 No.
1006 3450 1113 3515 42.
1187 3452 1461 3517 Numero
1517 3452 1827 3535 singulari
1871 3453 1938 3517 in
1985 3452 2347 3537 diplomatis
2392 3453 2631 3518 saeculi
2676 3454 2775 3518 XI
2816 3471 2910 3518 ra·

671 3556 922 3623 rissime
987 3558 1350 3622 cancellarii
1410 3559 1739 3641 loquentes
1800 3558 2041 3624 faciunt
2094 3580 2306 3643 reges,
2380 3579 2586 3643 neque
2641 3579 2909 3642 unquam

673 3664 740 3729 in
771 3664 1006 3729 chartis
1037 3664 1328 3748 genuinis
1360 3662 1427 3728 id
1456 3663 1526 3728 fit
1556 3665 1695 3731 sine
1725 3686 1921 3732 causa
1950 3665 2226 3750 quadam
2258 3666 2552 3751 speciali3
2593 3666 2671 3732 cf.
2708 3667 2909 3731 Kanz·

673 3770 759 3835 lei
802 3770 1102 3836 Konrads
1133 3772 1214 3835 Π.
1249 3791 1310 3854 p.
1346 3772 1451 3835 42.
1481 3778 1490 3787 '
1525 3772 1796 3838 Saeculo
1844 3780 2051 3839 autem
2095 3774 2229 3838 XII
2273 3774 2529 3858 saepius
2576 3772 2909 3856 singularis

675 3877 961 3960 occurrit,
997 3878 1087 3942 ita
1114 3899 1172 3942 v.
1200 3898 1260 3960 g.
1294 3878 1361 3941 in
1392 3881 1802 3963 autographis
1834 3880 2010 3965 dipll.
2044 3880 2327 3945 Heinrici
2352 3881 2425 3945 V.
2460 3880 2719 3964 Stumpf
2741 3878 2909 3944 3226

674 3978 851 4067 (inde
909 4004 952 4049 a
1007 3985 1216 4049 verbis
1269 4035 1300 4068 „
1317 3986 1631 4067 rogabant
1682 3992 1889 4052 autem
1933 4008 2034 4051 me
2052 3980 2146 4070 “),
2211 3986 2489 4052 Conradi
2516 3988 2635 4051 III.
2671 3982 2918 4069 Stumpf

677 4091 855 4156 3424
900 4086 1034 4173 (ubi
1080 4092 1417 4174 singularis
1448 4093 1678 4176 plurali
1710 4113 1966 4158 numero
1999 4090 2505 4177 intermiscetur).
2554 4128 2643 4137 -
2691 4094 2909 4159 Obser-

677 4196 954 4261 vandum
982 4217 1170 4283 porro
1203 4205 1300 4263 est
1327 4203 1523 4263 totam
1555 4198 1967 4283 diplomatum
1993 4199 2589 4266 subscribendorum
2609 4200 2911 4265 rationem

677 4302 976 4369 Lothario
1032 4325 1182 4388 rege
1237 4310 1540 4368 mutatam
1597 4326 1758 4371 esse.
1842 4307 1986 4373 Non
2042 4307 2238 4390 enim,
2299 4312 2367 4372 ut
2424 4326 2593 4373 saec.
2637 4307 2736 4370 XI
2786 4305 2912 4371 fere

679 4427 929 4491 semper
985 4409 1202 4491 fiebat,
1264 4409 1613 4494 diplomata
1656 4412 1869 4477 omnia
1914 4408 2300 4479 Germanica
2338 4414 2612 4495 alterius,
2663 4410 2913 4477 alterius
