<?xml version="1.0" encoding="UTF-8"?>
<!DOCTYPE html PUBLIC "-//W3C//DTD XHTML 1.0 Transitional//EN"
    "http://www.w3.org/TR/xhtml1/DTD/xhtml1-transitional.dtd">
<html xmlns="http://www.w3.org/1999/xhtml" xml:lang="en" lang="en">
 <head>
  <title>
</title>
<meta http-equiv="Content-Type" content="text/html;charset=utf-8" />
  <meta name='ocr-system' content='tesseract 3.04.00' />
  <meta name='ocr-capabilities' content='ocr_page ocr_carea ocr_par ocr_line ocrx_word'/>
</head>
<body>
  <div class='ocr_page' id='page_1' title='image "./diplomatacentum00bresgoog_0108.png"; bbox 0 0 3209 5434; ppageno 0'>
   <div class='ocr_carea' id='block_1_1' title="bbox 2614 16 2948 119">
    <p class='ocr_par' dir='ltr' id='par_1_1' title="bbox 2614 16 2948 119">
     <span class='ocr_line' id='line_1_1' title="bbox 2614 16 2948 119; baseline 0 5315"><span class='ocrx_word' id='word_1_1' title='bbox 2614 16 2948 119; x_wconf 95' lang='lat' dir='ltr'> </span> 
     </span>
    </p>
   </div>
   <div class='ocr_carea' id='block_1_2' title="bbox 1792 472 1878 537">
    <p class='ocr_par' dir='ltr' id='par_1_2' title="bbox 1792 472 1878 537">
     <span class='ocr_line' id='line_1_2' title="bbox 1792 472 1878 537; baseline 0 0"><span class='ocrx_word' id='word_1_2' title='bbox 1792 472 1878 537; x_wconf 82' lang='lat'>88</span> 
     </span>
    </p>
   </div>
   <div class='ocr_carea' id='block_1_3' title="bbox 704 605 2966 2003">
    <p class='ocr_par' dir='ltr' id='par_1_3' title="bbox 704 605 2966 2003">
     <span class='ocr_line' id='line_1_3' title="bbox 707 605 2964 719; baseline -0.002 -20"><span class='ocrx_word' id='word_1_3' title='bbox 707 634 813 719; x_wconf 90' lang='lat' dir='ltr'>qui</span> <span class='ocrx_word' id='word_1_4' title='bbox 858 654 929 699; x_wconf 88' lang='lat' dir='ltr'>se</span> <span class='ocrx_word' id='word_1_5' title='bbox 973 632 1076 699; x_wconf 89' lang='lat' dir='ltr'>vel</span> <span class='ocrx_word' id='word_1_6' title='bbox 1122 652 1241 698; x_wconf 87' lang='lat' dir='ltr'>sua</span> <span class='ocrx_word' id='word_1_7' title='bbox 1288 630 1503 697; x_wconf 85' lang='lat' dir='ltr'>alodia</span> <span class='ocrx_word' id='word_1_8' title='bbox 1545 629 1612 695; x_wconf 91' lang='lat' dir='ltr'>in</span> <span class='ocrx_word' id='word_1_9' title='bbox 1648 629 1759 715; x_wconf 84' lang='lat' dir='ltr'>jus</span> <span class='ocrx_word' id='word_1_10' title='bbox 1805 637 1868 695; x_wconf 87' lang='lat' dir='ltr'>et</span> <span class='ocrx_word' id='word_1_11' title='bbox 1912 636 2287 716; x_wconf 86' lang='lat' dir='ltr'>potestatem</span> <span class='ocrx_word' id='word_1_12' title='bbox 2345 605 2667 715; x_wconf 79' lang='lat' dir='ltr'>praefatae</span> <span class='ocrx_word' id='word_1_13' title='bbox 2713 630 2964 695; x_wconf 90' lang='lat' dir='ltr'>aeccle-</span> 
     </span>
     <span class='ocr_line' id='line_1_4' title="bbox 707 735 2966 823; baseline -0.003 -16"><span class='ocrx_word' id='word_1_14' title='bbox 707 742 843 807; x_wconf 83' lang='lat' dir='ltr'>siae</span> <span class='ocrx_word' id='word_1_15' title='bbox 910 738 1385 823; x_wconf 79' lang='lat' dir='ltr'>quomodolibet</span> <span class='ocrx_word' id='word_1_16' title='bbox 1451 735 1881 821; x_wconf 88' lang='lat' dir='ltr'>mancipando</span> <span class='ocrx_word' id='word_1_17' title='bbox 1953 737 2391 819; x_wconf 87' lang='lat' dir='ltr'>subdiderunt,</span> <span class='ocrx_word' id='word_1_18' title='bbox 2463 737 2656 801; x_wconf 89' lang='lat' dir='ltr'>ullam</span> <span class='ocrx_word' id='word_1_19' title='bbox 2723 736 2966 801; x_wconf 82' lang='lat' dir='ltr'>audeat</span> 
     </span>
     <span class='ocr_line' id='line_1_5' title="bbox 704 842 2962 933; baseline -0.003 -19"><span class='ocrx_word' id='word_1_20' title='bbox 704 853 1081 933; x_wconf 83' lang='lat' dir='ltr'>potesta-tem</span> <span class='ocrx_word' id='word_1_21' title='bbox 1126 864 1441 927; x_wconf 87' lang='lat' dir='ltr'>exercere,</span> <span class='ocrx_word' id='word_1_22' title='bbox 1490 845 1594 909; x_wconf 91' lang='lat' dir='ltr'>vel</span> <span class='ocrx_word' id='word_1_23' title='bbox 1639 843 1958 928; x_wconf 86' lang='lat' dir='ltr'>praefatos</span> <span class='ocrx_word' id='word_1_24' title='bbox 2001 844 2288 909; x_wconf 88' lang='lat' dir='ltr'>homines</span> <span class='ocrx_word' id='word_1_25' title='bbox 2319 843 2404 908; x_wconf 90' lang='lat' dir='ltr'>ad</span> <span class='ocrx_word' id='word_1_26' title='bbox 2435 862 2663 909; x_wconf 78' lang='lat' dir='ltr'><strong>causas</strong></span> <span class='ocrx_word' id='word_1_27' title='bbox 2694 842 2962 908; x_wconf 87' lang='lat' dir='ltr'>audien-</span> 
     </span>
     <span class='ocr_line' id='line_1_6' title="bbox 705 949 2960 1035; baseline -0.002 -17"><span class='ocrx_word' id='word_1_28' title='bbox 705 953 823 1020; x_wconf 86' lang='lat' dir='ltr'>das</span> <span class='ocrx_word' id='word_1_29' title='bbox 869 953 974 1019; x_wconf 91' lang='lat' dir='ltr'>vel</span> <span class='ocrx_word' id='word_1_30' title='bbox 1018 951 1200 1017; x_wconf 89' lang='lat' dir='ltr'>freda</span> <span class='ocrx_word' id='word_1_31' title='bbox 1245 949 1565 1035; x_wconf 85' lang='lat' dir='ltr'>exigenda</span> <span class='ocrx_word' id='word_1_32' title='bbox 1611 956 1718 1015; x_wconf 88' lang='lat' dir='ltr'>aut</span> <span class='ocrx_word' id='word_1_33' title='bbox 1762 951 2127 1016; x_wconf 77' lang='lat' dir='ltr'>mansiones</span> <span class='ocrx_word' id='word_1_34' title='bbox 2171 956 2278 1015; x_wconf 85' lang='lat' dir='ltr'>aut</span> <span class='ocrx_word' id='word_1_35' title='bbox 2322 957 2580 1035; x_wconf 88' lang='lat' dir='ltr'>paratas</span> <span class='ocrx_word' id='word_1_36' title='bbox 2625 950 2960 1015; x_wconf 83' lang='lat' dir='ltr'>faciendas</span> 
     </span>
     <span class='ocr_line' id='line_1_7' title="bbox 707 1055 2958 1143; baseline -0.002 -18"><span class='ocrx_word' id='word_1_37' title='bbox 707 1065 814 1125; x_wconf 89' lang='lat' dir='ltr'>aut</span> <span class='ocrx_word' id='word_1_38' title='bbox 868 1058 1276 1143; x_wconf 75' lang='lat' dir='ltr'>fidejussores</span> <span class='ocrx_word' id='word_1_39' title='bbox 1340 1055 1666 1123; x_wconf 88' lang='lat' dir='ltr'>tollendos·</span> <span class='ocrx_word' id='word_1_40' title='bbox 1715 1063 1822 1122; x_wconf 86' lang='lat' dir='ltr'>aut</span> <span class='ocrx_word' id='word_1_41' title='bbox 1884 1058 1950 1122; x_wconf 91' lang='lat' dir='ltr'>in</span> <span class='ocrx_word' id='word_1_42' title='bbox 2009 1058 2142 1122; x_wconf 86' lang='lat' dir='ltr'>ulla</span> <span class='ocrx_word' id='word_1_43' title='bbox 2193 1077 2264 1123; x_wconf 89' lang='lat' dir='ltr'>re</span> <span class='ocrx_word' id='word_1_44' title='bbox 2309 1060 2410 1123; x_wconf 89' lang='lat' dir='ltr'>vel</span> <span class='ocrx_word' id='word_1_45' title='bbox 2467 1078 2658 1142; x_wconf 89' lang='lat' dir='ltr'>opere</span> <span class='ocrx_word' id='word_1_46' title='bbox 2705 1057 2958 1122; x_wconf 89' lang='lat' dir='ltr'>distrin-</span> 
     </span>
     <span class='ocr_line' id='line_1_8' title="bbox 706 1164 2958 1251; baseline -0.002 -19"><span class='ocrx_word' id='word_1_47' title='bbox 706 1165 951 1251; x_wconf 84' lang='lat' dir='ltr'>gendos</span> <span class='ocrx_word' id='word_1_48' title='bbox 1009 1170 1373 1250; x_wconf 89' lang='lat' dir='ltr'>praesumat</span> <span class='ocrx_word' id='word_1_49' title='bbox 1432 1183 1662 1248; x_wconf 89' lang='lat' dir='ltr'>cogere</span> <span class='ocrx_word' id='word_1_50' title='bbox 1717 1164 1821 1229; x_wconf 92' lang='lat' dir='ltr'>vel</span> <span class='ocrx_word' id='word_1_51' title='bbox 1876 1165 2236 1229; x_wconf 84' lang='lat' dir='ltr'>exactitare.</span> <span class='ocrx_word' id='word_1_52' title='bbox 2309 1164 2439 1230; x_wconf 88' lang='lat' dir='ltr'>Sed</span> <span class='ocrx_word' id='word_1_53' title='bbox 2492 1164 2682 1229; x_wconf 89' lang='lat' dir='ltr'>liceat</span> <span class='ocrx_word' id='word_1_54' title='bbox 2725 1184 2958 1228; x_wconf 90' lang='lat' dir='ltr'>memo-</span> 
     </span>
     <span class='ocr_line' id='line_1_9' title="bbox 707 1270 2959 1357; baseline -0.001 -19"><span class='ocrx_word' id='word_1_55' title='bbox 707 1278 843 1338; x_wconf 87' lang='lat' dir='ltr'>rato</span> <span class='ocrx_word' id='word_1_56' title='bbox 899 1272 1178 1357; x_wconf 90' lang='lat' dir='ltr'>praesuli</span> <span class='ocrx_word' id='word_1_57' title='bbox 1235 1271 1523 1337; x_wconf 92' lang='lat' dir='ltr'>Bobboni</span> <span class='ocrx_word' id='word_1_58' title='bbox 1594 1271 1852 1354; x_wconf 88' lang='lat' dir='ltr'>suisque</span> <span class='ocrx_word' id='word_1_59' title='bbox 1921 1271 2390 1337; x_wconf 88' lang='lat' dir='ltr'>successoribus</span> <span class='ocrx_word' id='word_1_60' title='bbox 2458 1291 2561 1336; x_wconf 90' lang='lat' dir='ltr'>res</span> <span class='ocrx_word' id='word_1_61' title='bbox 2628 1270 2959 1355; x_wconf 82' lang='lat' dir='ltr'>praefatae</span> 
     </span>
     <span class='ocr_line' id='line_1_10' title="bbox 709 1377 2957 1464; baseline -0.001 -19"><span class='ocrx_word' id='word_1_62' title='bbox 709 1379 1061 1445; x_wconf 79' lang='lat' dir='ltr'>aecclesiae</span> <span class='ocrx_word' id='word_1_63' title='bbox 1108 1379 1318 1464; x_wconf 89' lang='lat' dir='ltr'>quieto</span> <span class='ocrx_word' id='word_1_64' title='bbox 1366 1378 1586 1444; x_wconf 91' lang='lat' dir='ltr'>ordine</span> <span class='ocrx_word' id='word_1_65' title='bbox 1634 1377 1964 1462; x_wconf 89' lang='lat' dir='ltr'>possidere</span> <span class='ocrx_word' id='word_1_66' title='bbox 2021 1385 2360 1460; x_wconf 86' lang='lat' dir='ltr'>nostroque</span> <span class='ocrx_word' id='word_1_67' title='bbox 2404 1383 2648 1443; x_wconf 87' lang='lat' dir='ltr'>tantum</span> <span class='ocrx_word' id='word_1_68' title='bbox 2691 1378 2957 1463; x_wconf 90' lang='lat' dir='ltr'>imperio</span> 
     </span>
     <span class='ocr_line' id='line_1_11' title="bbox 707 1484 2960 1571; baseline -0.001 -20"><span class='ocrx_word' id='word_1_69' title='bbox 707 1506 959 1571; x_wconf 86' lang='lat' dir='ltr'>parere,</span> <span class='ocrx_word' id='word_1_70' title='bbox 1022 1486 1315 1570; x_wconf 85' lang='lat' dir='ltr'>quatinus</span> <span class='ocrx_word' id='word_1_71' title='bbox 1374 1486 1494 1551; x_wconf 90' lang='lat' dir='ltr'>sibi</span> <span class='ocrx_word' id='word_1_72' title='bbox 1552 1486 1814 1568; x_wconf 87' lang='lat' dir='ltr'>suisque</span> <span class='ocrx_word' id='word_1_73' title='bbox 1869 1484 2166 1569; x_wconf 87' lang='lat' dir='ltr'>subjectis</span> <span class='ocrx_word' id='word_1_74' title='bbox 2229 1505 2345 1570; x_wconf 91' lang='lat' dir='ltr'>pro</span> <span class='ocrx_word' id='word_1_75' title='bbox 2389 1491 2606 1549; x_wconf 88' lang='lat' dir='ltr'>nostra</span> <span class='ocrx_word' id='word_1_76' title='bbox 2650 1486 2960 1568; x_wconf 86' lang='lat' dir='ltr'>regnique</span> 
     </span>
     <span class='ocr_line' id='line_1_12' title="bbox 706 1592 2960 1678; baseline -0.001 -19"><span class='ocrx_word' id='word_1_77' title='bbox 706 1594 906 1659; x_wconf 80' lang='lat' dir='ltr'>nostri</span> <span class='ocrx_word' id='word_1_78' title='bbox 965 1593 1384 1678; x_wconf 88' lang='lat' dir='ltr'>prosperitate</span> <span class='ocrx_word' id='word_1_79' title='bbox 1441 1592 1564 1657; x_wconf 91' lang='lat' dir='ltr'>Dei</span> <span class='ocrx_word' id='word_1_80' title='bbox 1626 1592 2074 1677; x_wconf 89' lang='lat' dir='ltr'>omnipotentis</span> <span class='ocrx_word' id='word_1_81' title='bbox 2135 1592 2400 1675; x_wconf 81' lang='lat' dir='ltr'>gratiam</span> <span class='ocrx_word' id='word_1_82' title='bbox 2460 1592 2700 1677; x_wconf 88' lang='lat' dir='ltr'>jugiter</span> <span class='ocrx_word' id='word_1_83' title='bbox 2765 1592 2960 1657; x_wconf 90' lang='lat' dir='ltr'>libeat</span> 
     </span>
     <span class='ocr_line' id='line_1_13' title="bbox 708 1698 2959 1783; baseline -0.001 -18"><span class='ocrx_word' id='word_1_84' title='bbox 708 1701 1023 1766; x_wconf 91' lang='lat' dir='ltr'>invocare.</span> <span class='ocrx_word' id='word_1_85' title='bbox 1092 1700 1175 1763; x_wconf 85' lang='lat' dir='ltr'>Et</span> <span class='ocrx_word' id='word_1_86' title='bbox 1229 1704 1298 1763; x_wconf 90' lang='lat' dir='ltr'>ut</span> <span class='ocrx_word' id='word_1_87' title='bbox 1351 1698 1474 1764; x_wconf 90' lang='lat' dir='ltr'>hoc</span> <span class='ocrx_word' id='word_1_88' title='bbox 1532 1699 1703 1763; x_wconf 90' lang='lat' dir='ltr'>omni</span> <span class='ocrx_word' id='word_1_89' title='bbox 1759 1706 2042 1783; x_wconf 88' lang='lat' dir='ltr'>tempore</span> <span class='ocrx_word' id='word_1_90' title='bbox 2097 1700 2342 1765; x_wconf 89' lang='lat' dir='ltr'>firmum</span> <span class='ocrx_word' id='word_1_91' title='bbox 2399 1699 2731 1783; x_wconf 83' lang='lat' dir='ltr'>habeatur,</span> <span class='ocrx_word' id='word_1_92' title='bbox 2787 1698 2959 1764; x_wconf 82' lang='lat' dir='ltr'>hanc</span> 
     </span>
     <span class='ocr_line' id='line_1_14' title="bbox 709 1806 2960 1891; baseline -0.001 -20"><span class='ocrx_word' id='word_1_93' title='bbox 709 1812 965 1871; x_wconf 90' lang='lat' dir='ltr'>nostrae</span> <span class='ocrx_word' id='word_1_94' title='bbox 1010 1806 1419 1870; x_wconf 87' lang='lat' dir='ltr'>immunitatis</span> <span class='ocrx_word' id='word_1_95' title='bbox 1467 1806 1771 1890; x_wconf 85' lang='lat' dir='ltr'>paginam</span> <span class='ocrx_word' id='word_1_96' title='bbox 1817 1806 1966 1873; x_wconf 90' lang='lat' dir='ltr'>inde</span> <span class='ocrx_word' id='word_1_97' title='bbox 2013 1807 2435 1891; x_wconf 79' lang='lat' dir='ltr'>conscriptam</span> <span class='ocrx_word' id='word_1_98' title='bbox 2464 1826 2655 1871; x_wconf 88' lang='lat' dir='ltr'>manu</span> <span class='ocrx_word' id='word_1_99' title='bbox 2698 1806 2960 1891; x_wconf 89' lang='lat' dir='ltr'>propria</span> 
     </span>
     <span class='ocr_line' id='line_1_15' title="bbox 711 1910 2957 2003; baseline -0.001 -24"><span class='ocrx_word' id='word_1_100' title='bbox 711 1910 1217 2003; x_wconf 82' lang='lat' dir='ltr'>confirmavimus</span> <span class='ocrx_word' id='word_1_101' title='bbox 1274 1912 1593 1997; x_wconf 86' lang='lat' dir='ltr'>sigillique</span> <span class='ocrx_word' id='word_1_102' title='bbox 1661 1913 1862 1978; x_wconf 87' lang='lat' dir='ltr'>nostri</span> <span class='ocrx_word' id='word_1_103' title='bbox 1928 1914 2345 1999; x_wconf 85' lang='lat' dir='ltr'>impressione</span> <span class='ocrx_word' id='word_1_104' title='bbox 2402 1914 2694 1997; x_wconf 87' lang='lat' dir='ltr'>insigniri</span> <span class='ocrx_word' id='word_1_105' title='bbox 2761 1914 2957 1997; x_wconf 89' lang='lat' dir='ltr'>impe-</span> 
     </span>
    </p>
   </div>
   <div class='ocr_carea' id='block_1_4' title="bbox 692 2020 1001 2117">
    <p class='ocr_par' dir='ltr' id='par_1_4' title="bbox 692 2020 1001 2117">
     <span class='ocr_line' id='line_1_16' title="bbox 692 2020 1001 2117; baseline -0.003 -32"><span class='ocrx_word' id='word_1_106' title='bbox 692 2020 1001 2117; x_wconf 74' lang='lat' dir='ltr'>ravimus.</span> 
     </span>
    </p>
   </div>
   <div class='ocr_carea' id='block_1_5' title="bbox 1030 2120 2954 2431">
    <p class='ocr_par' dir='ltr' id='par_1_5' title="bbox 1030 2120 2954 2431">
     <span class='ocr_line' id='line_1_17' title="bbox 1030 2120 2923 2212; baseline -0.001 -19"><span class='ocrx_word' id='word_1_107' title='bbox 1030 2126 1294 2209; x_wconf 87' lang='lat' dir='ltr'>Signum</span> <span class='ocrx_word' id='word_1_108' title='bbox 1340 2125 1556 2192; x_wconf 89' lang='lat' dir='ltr'>domni</span> <span class='ocrx_word' id='word_1_109' title='bbox 1600 2120 1722 2209; x_wconf 90' lang='lat' dir='ltr'>(M)</span> <span class='ocrx_word' id='word_1_110' title='bbox 1769 2126 2019 2193; x_wconf 86' lang='lat' dir='ltr'>Ottonis</span> <span class='ocrx_word' id='word_1_111' title='bbox 2065 2128 2462 2194; x_wconf 88' lang='lat' dir='ltr'>invictissimi</span> <span class='ocrx_word' id='word_1_112' title='bbox 2506 2128 2923 2212; x_wconf 81' lang='lat' dir='ltr'>imperatoris,</span> 
     </span>
     <span class='ocr_line' id='line_1_18' title="bbox 1030 2232 2954 2327; baseline 0.001 -30"><span class='ocrx_word' id='word_1_113' title='bbox 1030 2232 1359 2299; x_wconf 89' lang='lat' dir='ltr'>Liudolfus</span> <span class='ocrx_word' id='word_1_114' title='bbox 1417 2233 1834 2298; x_wconf 90' lang='lat' dir='ltr'>cancellarius</span> <span class='ocrx_word' id='word_1_115' title='bbox 1904 2232 1990 2298; x_wconf 88' lang='lat' dir='ltr'>ad</span> <span class='ocrx_word' id='word_1_116' title='bbox 2057 2236 2260 2327; x_wconf 67' lang='lat' dir='ltr'>vicem</span> <span class='ocrx_word' id='word_1_117' title='bbox 2315 2234 2688 2301; x_wconf 88' lang='lat' dir='ltr'>Willihalmi</span> <span class='ocrx_word' id='word_1_118' title='bbox 2753 2233 2954 2299; x_wconf 90' lang='lat' dir='ltr'>archi-</span> 
     </span>
     <span class='ocr_line' id='line_1_19' title="bbox 1064 2327 2440 2431; baseline 0.003 -28"><span class='ocrx_word' id='word_1_119' title='bbox 1064 2393 1119 2421; x_wconf 46' lang='lat' dir='ltr'>m</span> <span class='ocrx_word' id='word_1_120' title='bbox 1140 2339 1454 2423; x_wconf 90' lang='lat' dir='ltr'>capellani</span> <span class='ocrx_word' id='word_1_121' title='bbox 1500 2341 1858 2423; x_wconf 86' lang='lat' dir='ltr'>recognovi.</span> <span class='ocrx_word' id='word_1_122' title='bbox 1932 2336 2026 2423; x_wconf 85' lang='lat' dir='ltr'>(S.</span> <span class='ocrx_word' id='word_1_123' title='bbox 2061 2327 2307 2431; x_wconf 72' lang='lat' dir='ltr'>R.)l‘(L.</span> <span class='ocrx_word' id='word_1_124' title='bbox 2344 2336 2440 2425; x_wconf 88' lang='lat' dir='ltr'>S.)</span> 
     </span>
    </p>
   </div>
   <div class='ocr_carea' id='block_1_6' title="bbox 622 2410 2952 2530">
    <p class='ocr_par' dir='ltr' id='par_1_6' title="bbox 622 2410 2952 2530">
     <span class='ocr_line' id='line_1_20' title="bbox 622 2410 2952 2530; baseline 0.002 -21"><span class='ocrx_word' id='word_1_125' title='bbox 622 2462 633 2527; x_wconf 71' lang='lat' dir='ltr'><strong>j</strong></span> <span class='ocrx_word' id='word_1_126' title='bbox 711 2439 937 2527; x_wconf 85' lang='lat' dir='ltr'>Data¹)</span> <span class='ocrx_word' id='word_1_127' title='bbox 993 2410 1211 2523; x_wconf 50' lang='lat' dir='ltr'>idiffiffi</span> <span class='ocrx_word' id='word_1_128' title='bbox 1260 2447 1537 2529; x_wconf 84' lang='lat' dir='ltr'>augusti,</span> <span class='ocrx_word' id='word_1_129' title='bbox 1604 2467 1771 2512; x_wconf 92' lang='lat' dir='ltr'>anno</span> <span class='ocrx_word' id='word_1_130' title='bbox 1831 2445 2142 2530; x_wconf 78' lang='lat' dir='ltr'>dominice</span> <span class='ocrx_word' id='word_1_131' title='bbox 2186 2448 2639 2514; x_wconf 86' lang='lat' dir='ltr'>incarnationis</span> <span class='ocrx_word' id='word_1_132' title='bbox 2683 2447 2952 2513; x_wconf 82' lang='lat' dir='ltr'>Dcccc</span> 
     </span>
    </p>
   </div>
   <div class='ocr_carea' id='block_1_7' title="bbox 711 2536 2946 2743">
    <p class='ocr_par' dir='ltr' id='par_1_7' title="bbox 711 2536 2946 2743">
     <span class='ocr_line' id='line_1_21' title="bbox 711 2536 2946 2641; baseline 0.001 -25"><span class='ocrx_word' id='word_1_133' title='bbox 711 2536 1070 2635; x_wconf 81' lang='lat' dir='ltr'>LXX1111‚‘&#39;</span> <span class='ocrx_word' id='word_1_134' title='bbox 1091 2552 1444 2619; x_wconf 89' lang='lat' dir='ltr'>Indictione</span> <span class='ocrx_word' id='word_1_135' title='bbox 1488 2555 1573 2637; x_wconf 90' lang='lat' dir='ltr'>II,</span> <span class='ocrx_word' id='word_1_136' title='bbox 1625 2573 1791 2619; x_wconf 86' lang='lat' dir='ltr'>anno</span> <span class='ocrx_word' id='word_1_137' title='bbox 1836 2574 1986 2620; x_wconf 91' lang='lat' dir='ltr'>vero</span> <span class='ocrx_word' id='word_1_138' title='bbox 2031 2557 2213 2641; x_wconf 84' lang='lat' dir='ltr'>regni</span> <span class='ocrx_word' id='word_1_139' title='bbox 2259 2556 2472 2622; x_wconf 88' lang='lat' dir='ltr'>domni</span> <span class='ocrx_word' id='word_1_140' title='bbox 2518 2556 2764 2623; x_wconf 90' lang='lat' dir='ltr'>Ottonis</span> <span class='ocrx_word' id='word_1_141' title='bbox 2809 2555 2946 2637; x_wconf 86' lang='lat' dir='ltr'>XV,</span> 
     </span>
     <span class='ocr_line' id='line_1_22' title="bbox 711 2659 1671 2743; baseline 0.001 -19"><span class='ocrx_word' id='word_1_142' title='bbox 711 2659 959 2743; x_wconf 90' lang='lat' dir='ltr'>imperii</span> <span class='ocrx_word' id='word_1_143' title='bbox 1002 2660 1142 2723; x_wconf 93' lang='lat' dir='ltr'>VII.</span> <span class='ocrx_word' id='word_1_144' title='bbox 1215 2660 1439 2725; x_wconf 86' lang='lat' dir='ltr'>Actum</span> <span class='ocrx_word' id='word_1_145' title='bbox 1486 2661 1671 2726; x_wconf 88' lang='lat' dir='ltr'>Rore.</span> 
     </span>
    </p>
   </div>
   <div class='ocr_carea' id='block_1_8' title="bbox 802 2788 2949 2929">
    <p class='ocr_par' dir='ltr' id='par_1_8' title="bbox 802 2788 2949 2941">
     <span class='ocr_line' id='line_1_23' title="bbox 802 2788 2949 2852; baseline 0.001 -17"><span class='ocrx_word' id='word_1_146' title='bbox 802 2788 869 2836; x_wconf 81' lang='lat' dir='ltr'>Ex</span> <span class='ocrx_word' id='word_1_147' title='bbox 900 2789 1180 2849; x_wconf 79' lang='lat' dir='ltr'>autographo</span> <span class='ocrx_word' id='word_1_148' title='bbox 1201 2790 1249 2837; x_wconf 83' lang='lat' dir='ltr'>in</span> <span class='ocrx_word' id='word_1_149' title='bbox 1271 2791 1471 2837; x_wconf 79' lang='lat' dir='ltr'>archivio</span> <span class='ocrx_word' id='word_1_150' title='bbox 1494 2791 1757 2839; x_wconf 77' lang='lat' dir='ltr'>Monacensi</span> <span class='ocrx_word' id='word_1_151' title='bbox 1779 2794 2012 2840; x_wconf 79' lang='lat' dir='ltr'>asservato</span> <span class='ocrx_word' id='word_1_152' title='bbox 2037 2791 2093 2851; x_wconf 74' lang='lat' dir='ltr'>(s,</span> <span class='ocrx_word' id='word_1_153' title='bbox 2115 2808 2152 2840; x_wconf 81' lang='lat' dir='ltr'>r.</span> <span class='ocrx_word' id='word_1_154' title='bbox 2173 2792 2456 2841; x_wconf 76' lang='lat' dir='ltr'>Kaiscrliche</span> <span class='ocrx_word' id='word_1_155' title='bbox 2477 2792 2734 2852; x_wconf 63' lang='lat' dir='ltr'>Nachtrage</span> <span class='ocrx_word' id='word_1_156' title='bbox 2755 2792 2840 2840; x_wconf 86' lang='lat' dir='ltr'>No.</span> <span class='ocrx_word' id='word_1_157' title='bbox 2857 2790 2949 2849; x_wconf 87' lang='lat'>11).</span> 
     </span>
     <span class='ocr_line' id='line_1_24' title="bbox 900 2852 2598 2929; baseline 0.001 -13"><span class='ocrx_word' id='word_1_158' title='bbox 900 2869 1108 2928; x_wconf 86' lang='lat' dir='ltr'>Sigillum</span> <span class='ocrx_word' id='word_1_159' title='bbox 1140 2870 1360 2916; x_wconf 83' lang='lat' dir='ltr'>avulsum.</span> <span class='ocrx_word' id='word_1_160' title='bbox 1410 2869 1597 2929; x_wconf 85' lang='lat' dir='ltr'>Signum</span> <span class='ocrx_word' id='word_1_161' title='bbox 1631 2873 1729 2920; x_wconf 79' lang='lat' dir='ltr'>sine</span> <span class='ocrx_word' id='word_1_162' title='bbox 1761 2875 1900 2921; x_wconf 77' lang='lat' dir='ltr'>notis,</span> <span class='ocrx_word' id='word_1_163' title='bbox 1948 2874 2188 2921; x_wconf 79' lang='lat' dir='ltr'>Ineditum.</span> <span class='ocrx_word' id='word_1_164' title='bbox 2347 2890 2386 2921; x_wconf 56' lang='lat'>(12</span> <span class='ocrx_word' id='word_1_165' title='bbox 2399 2852 2598 2921; x_wconf 33' lang='lat' dir='ltr'>*affirm-²</span> 
     </span>
    </p>
   </div>
   <div class='ocr_carea' id='block_1_9' title="bbox 720 3112 2950 3583">
    <p class='ocr_par' dir='ltr' id='par_1_9' title="bbox 720 3112 2950 3583">
     <span class='ocr_line' id='line_1_25' title="bbox 720 3112 2944 3217; baseline -0 -27"><span class='ocrx_word' id='word_1_166' title='bbox 720 3118 841 3190; x_wconf 89' lang='grc'>64.</span> <span class='ocrx_word' id='word_1_167' title='bbox 932 3113 1098 3189; x_wconf 88' lang='lat' dir='ltr'>Otto</span> <span class='ocrx_word' id='word_1_168' title='bbox 1128 3112 1241 3188; x_wconf 92' lang='lat' dir='ltr'><strong>III.</strong></span> <span class='ocrx_word' id='word_1_169' title='bbox 1278 3112 1633 3189; x_wconf 87' lang='lat' dir='ltr'>ecclesiae</span> <span class='ocrx_word' id='word_1_170' title='bbox 1661 3113 2260 3211; x_wconf 85' lang='lat' dir='ltr'>Wirciburgensi,</span> <span class='ocrx_word' id='word_1_171' title='bbox 2303 3117 2652 3217; x_wconf 90' lang='lat' dir='ltr'>episcopo</span> <span class='ocrx_word' id='word_1_172' title='bbox 2679 3116 2944 3191; x_wconf 89' lang='lat' dir='ltr'>Beren-</span> 
     </span>
     <span class='ocr_line' id='line_1_26' title="bbox 926 3214 2945 3341; baseline 0.001 -30"><span class='ocrx_word' id='word_1_173' title='bbox 926 3237 1194 3328; x_wconf 84' lang='lat' dir='ltr'>wardO,</span> <span class='ocrx_word' id='word_1_174' title='bbox 1254 3238 1607 3335; x_wconf 85' lang='lat' dir='ltr'>decimam</span> <span class='ocrx_word' id='word_1_175' title='bbox 1660 3214 1934 3316; x_wconf 78' lang='lat' dir='ltr'>tributi‘</span> <span class='ocrx_word' id='word_1_176' title='bbox 1967 3220 2152 3339; x_wconf 88' lang='lat' dir='ltr'>quae</span> <span class='ocrx_word' id='word_1_177' title='bbox 2210 3241 2298 3316; x_wconf 89' lang='lat' dir='ltr'>de</span> <span class='ocrx_word' id='word_1_178' title='bbox 2349 3241 2674 3341; x_wconf 85' lang='lat' dir='ltr'>partibus</span> <span class='ocrx_word' id='word_1_179' title='bbox 2714 3240 2945 3317; x_wconf 91' lang='lat' dir='ltr'>orien-</span> 
     </span>
     <span class='ocr_line' id='line_1_27' title="bbox 928 3361 2950 3443; baseline 0.002 -8"><span class='ocrx_word' id='word_1_180' title='bbox 928 3362 1179 3435; x_wconf 88' lang='lat' dir='ltr'>talium</span> <span class='ocrx_word' id='word_1_181' title='bbox 1214 3361 1661 3438; x_wconf 85' lang='lat' dir='ltr'>Francorum</span> <span class='ocrx_word' id='word_1_182' title='bbox 1697 3366 1815 3439; x_wconf 90' lang='lat' dir='ltr'>vel</span> <span class='ocrx_word' id='word_1_183' title='bbox 1855 3366 1942 3441; x_wconf 86' lang='lat' dir='ltr'>de</span> <span class='ocrx_word' id='word_1_184' title='bbox 1987 3366 2264 3442; x_wconf 86' lang='lat' dir='ltr'>Sclavis</span> <span class='ocrx_word' id='word_1_185' title='bbox 2317 3368 2501 3443; x_wconf 89' lang='lat' dir='ltr'>solvi</span> <span class='ocrx_word' id='word_1_186' title='bbox 2557 3365 2831 3443; x_wconf 85' lang='lat' dir='ltr'>solebat</span> <span class='ocrx_word' id='word_1_187' title='bbox 2881 3370 2950 3439; x_wconf 88' lang='lat' dir='ltr'>et</span> 
     </span>
     <span class='ocr_line' id='line_1_28' title="bbox 926 3486 2918 3583; baseline 0.002 -23"><span class='ocrx_word' id='word_1_188' title='bbox 926 3486 1449 3573; x_wconf 83' lang='lat' dir='ltr'>immunitatem</span> <span class='ocrx_word' id='word_1_189' title='bbox 1504 3489 1900 3565; x_wconf 88' lang='lat' dir='ltr'>confirmat.</span> <span class='ocrx_word' id='word_1_190' title='bbox 1994 3495 2167 3583; x_wconf 84' lang='lat'><strong>992,</strong></span> <span class='ocrx_word' id='word_1_191' title='bbox 2223 3491 2401 3567; x_wconf 90' lang='lat' dir='ltr'>Dec.</span> <span class='ocrx_word' id='word_1_192' title='bbox 2449 3497 2571 3567; x_wconf 89' lang='lat'>31.</span> <span class='ocrx_word' id='word_1_193' title='bbox 2656 3490 2918 3567; x_wconf 87' lang='lat' dir='ltr'>Palide.</span> 
     </span>
    </p>
   </div>
   <div class='ocr_carea' id='block_1_10' title="bbox 714 3646 2955 4163">
    <p class='ocr_par' dir='ltr' id='par_1_10' title="bbox 714 3646 2955 4163">
     <span class='ocr_line' id='line_1_29' title="bbox 895 3646 2949 3717; baseline 0.002 -7"><span class='ocrx_word' id='word_1_194' title='bbox 895 3646 962 3711; x_wconf 83' lang='lat' dir='ltr'>G.</span> <span class='ocrx_word' id='word_1_195' title='bbox 1034 3648 1109 3711; x_wconf 92' lang='lat' dir='ltr'>In</span> <span class='ocrx_word' id='word_1_196' title='bbox 1154 3647 1408 3713; x_wconf 91' lang='lat' dir='ltr'>nomine</span> <span class='ocrx_word' id='word_1_197' title='bbox 1454 3654 1715 3714; x_wconf 86' lang='lat' dir='ltr'>sanctae</span> <span class='ocrx_word' id='word_1_198' title='bbox 1762 3656 1822 3714; x_wconf 87' lang='lat' dir='ltr'>et</span> <span class='ocrx_word' id='word_1_199' title='bbox 1867 3648 2232 3715; x_wconf 89' lang='lat' dir='ltr'>individuae</span> <span class='ocrx_word' id='word_1_200' title='bbox 2278 3650 2589 3717; x_wconf 86' lang='lat' dir='ltr'>trinitatis.</span> <span class='ocrx_word' id='word_1_201' title='bbox 2673 3651 2816 3717; x_wconf 87' lang='lat' dir='ltr'>Otto</span> <span class='ocrx_word' id='word_1_202' title='bbox 2863 3648 2949 3714; x_wconf 90' lang='lat' dir='ltr'>di-</span> 
     </span>
     <span class='ocr_line' id='line_1_30' title="bbox 714 3752 2950 3841; baseline 0.001 -22"><span class='ocrx_word' id='word_1_203' title='bbox 714 3753 866 3819; x_wconf 90' lang='lat' dir='ltr'>vina</span> <span class='ocrx_word' id='word_1_204' title='bbox 910 3752 1162 3819; x_wconf 84' lang='lat' dir='ltr'>favente</span> <span class='ocrx_word' id='word_1_205' title='bbox 1194 3755 1526 3822; x_wconf 89' lang='lat' dir='ltr'>clementia</span> <span class='ocrx_word' id='word_1_206' title='bbox 1555 3777 1684 3821; x_wconf 78' lang='lat' dir='ltr'>reX.</span> <span class='ocrx_word' id='word_1_207' title='bbox 1761 3757 2054 3823; x_wconf 90' lang='lat' dir='ltr'>Omnium</span> <span class='ocrx_word' id='word_1_208' title='bbox 2084 3758 2362 3823; x_wconf 90' lang='lat' dir='ltr'>fidelium</span> <span class='ocrx_word' id='word_1_209' title='bbox 2394 3764 2748 3824; x_wconf 89' lang='lat' dir='ltr'>nostrorum</span> <span class='ocrx_word' id='word_1_210' title='bbox 2775 3776 2950 3841; x_wconf 85' lang='lat' dir='ltr'>prae-</span> 
     </span>
     <span class='ocr_line' id='line_1_31' title="bbox 717 3860 2950 3948; baseline 0.002 -24"><span class='ocrx_word' id='word_1_211' title='bbox 717 3860 987 3925; x_wconf 90' lang='lat' dir='ltr'>sentium</span> <span class='ocrx_word' id='word_1_212' title='bbox 1047 3860 1289 3927; x_wconf 88' lang='lat' dir='ltr'>scilicet</span> <span class='ocrx_word' id='word_1_213' title='bbox 1345 3883 1421 3927; x_wconf 89' lang='lat' dir='ltr'>ac</span> <span class='ocrx_word' id='word_1_214' title='bbox 1476 3861 1821 3928; x_wconf 83' lang='lat' dir='ltr'>futurorum</span> <span class='ocrx_word' id='word_1_215' title='bbox 1880 3864 2028 3948; x_wconf 89' lang='lat' dir='ltr'>piae</span> <span class='ocrx_word' id='word_1_216' title='bbox 2083 3864 2402 3929; x_wconf 87' lang='lat' dir='ltr'>devotioni</span> <span class='ocrx_word' id='word_1_217' title='bbox 2458 3871 2689 3948; x_wconf 88' lang='lat' dir='ltr'>pateat,</span> <span class='ocrx_word' id='word_1_218' title='bbox 2736 3866 2764 3941; x_wconf 84' lang='grc' dir='ltr'>ΙΙ</span> <span class='ocrx_word' id='word_1_219' title='bbox 2807 3884 2950 3947; x_wconf 87' lang='lat' dir='ltr'>qua-</span> 
     </span>
     <span class='ocr_line' id='line_1_32' title="bbox 714 3959 2951 4055; baseline 0.002 -23"><span class='ocrx_word' id='word_1_220' title='bbox 714 3967 856 4033; x_wconf 88' lang='lat' dir='ltr'>liter</span> <span class='ocrx_word' id='word_1_221' title='bbox 922 3968 1020 4033; x_wconf 90' lang='lat' dir='ltr'>vir</span> <span class='ocrx_word' id='word_1_222' title='bbox 1086 3968 1465 4035; x_wconf 89' lang='lat' dir='ltr'>venerabilis</span> <span class='ocrx_word' id='word_1_223' title='bbox 1537 3969 2027 4053; x_wconf 77' lang='lat' dir='ltr'>BerenwardUS,</span> <span class='ocrx_word' id='word_1_224' title='bbox 2101 3978 2361 4037; x_wconf 88' lang='lat' dir='ltr'>sanctae</span> <span class='ocrx_word' id='word_1_225' title='bbox 2428 3959 2951 4055; x_wconf 88' lang='lat' dir='ltr'>Wirciburgensis</span> 
     </span>
     <span class='ocr_line' id='line_1_33' title="bbox 717 4076 2955 4163; baseline 0.001 -23"><span class='ocrx_word' id='word_1_226' title='bbox 717 4076 1028 4141; x_wconf 88' lang='lat' dir='ltr'>ecclesiae</span> <span class='ocrx_word' id='word_1_227' title='bbox 1071 4077 1451 4143; x_wconf 89' lang='lat' dir='ltr'>venerabilis</span> <span class='ocrx_word' id='word_1_228' title='bbox 1498 4077 1858 4161; x_wconf 89' lang='lat' dir='ltr'>episcopus,</span> <span class='ocrx_word' id='word_1_229' title='bbox 1907 4078 2141 4143; x_wconf 89' lang='lat' dir='ltr'>nostris</span> <span class='ocrx_word' id='word_1_230' title='bbox 2174 4078 2486 4144; x_wconf 85' lang='lat' dir='ltr'>obtutibus</span> <span class='ocrx_word' id='word_1_231' title='bbox 2532 4078 2955 4163; x_wconf 87' lang='lat' dir='ltr'>praesentavit</span> 
     </span>
    </p>
   </div>
   <div class='ocr_carea' id='block_1_11' title="bbox 716 4223 1141 4233">
    <p class='ocr_par' dir='ltr' id='par_1_11' title="bbox 716 4223 1141 4233">
     <span class='ocr_line' id='line_1_34' title="bbox 716 4223 1141 4233; baseline 0 1201"><span class='ocrx_word' id='word_1_232' title='bbox 716 4223 1141 4233; x_wconf 95' lang='lat' dir='ltr'> </span> 
     </span>
    </p>
   </div>
   <div class='ocr_carea' id='block_1_12' title="bbox 897 4300 2955 4375">
    <p class='ocr_par' dir='ltr' id='par_1_12' title="bbox 897 4300 2955 4375">
     <span class='ocr_line' id='line_1_35' title="bbox 897 4300 2955 4375; baseline 0.003 -23"><span class='ocrx_word' id='word_1_233' title='bbox 897 4300 937 4365; x_wconf 84' lang='lat'>¹)</span> <span class='ocrx_word' id='word_1_234' title='bbox 975 4300 1153 4354; x_wconf 87' lang='lat' dir='ltr'>Totus</span> <span class='ocrx_word' id='word_1_235' title='bbox 1187 4316 1382 4355; x_wconf 86' lang='lat' dir='ltr'>versus</span> <span class='ocrx_word' id='word_1_236' title='bbox 1418 4306 1671 4355; x_wconf 82' lang='lat' dir='ltr'>notarum</span> <span class='ocrx_word' id='word_1_237' title='bbox 1711 4302 2215 4372; x_wconf 85' lang='lat' dir='ltr'>chronologicarum</span> <span class='ocrx_word' id='word_1_238' title='bbox 2255 4306 2362 4359; x_wconf 84' lang='lat' dir='ltr'>alia</span> <span class='ocrx_word' id='word_1_239' title='bbox 2385 4305 2550 4361; x_wconf 79' lang='lat' dir='ltr'>manu</span> <span class='ocrx_word' id='word_1_240' title='bbox 2575 4306 2792 4375; x_wconf 88' lang='lat' dir='ltr'>alioque</span> <span class='ocrx_word' id='word_1_241' title='bbox 2815 4308 2955 4359; x_wconf 82' lang='lat' dir='ltr'>atra-</span> 
     </span>
    </p>
   </div>
   <div class='ocr_carea' id='block_1_13' title="bbox 709 4382 2011 4460">
    <p class='ocr_par' dir='ltr' id='par_1_13' title="bbox 709 4382 2011 4460">
     <span class='ocr_line' id='line_1_36' title="bbox 709 4382 2011 4460; baseline 0.005 -21"><span class='ocrx_word' id='word_1_242' title='bbox 709 4382 904 4441; x_wconf 84' lang='lat' dir='ltr'>&#39;mento</span> <span class='ocrx_word' id='word_1_243' title='bbox 941 4388 1175 4456; x_wconf 85' lang='lat' dir='ltr'>scriptus</span> <span class='ocrx_word' id='word_1_244' title='bbox 1214 4392 1300 4441; x_wconf 86' lang='lat' dir='ltr'>est</span> <span class='ocrx_word' id='word_1_245' title='bbox 1336 4393 1501 4458; x_wconf 85' lang='lat' dir='ltr'>atque</span> <span class='ocrx_word' id='word_1_246' title='bbox 1538 4390 1717 4457; x_wconf 90' lang='lat' dir='ltr'>ipsum</span> <span class='ocrx_word' id='word_1_247' title='bbox 1755 4390 2011 4460; x_wconf 87' lang='lat' dir='ltr'>diploma.</span> 
     </span>
    </p>
   </div>
  </div>
 </body>
</html>
