3209 5434
1749 272 1834 338 70

663 459 789 531 49.
876 452 1265 557 Heinricus
1336 450 1454 528 VI.
1532 450 1946 550 imperator·
2019 447 2403 549 ecclesiam
2477 444 2902 543 Magdebur-

877 601 1177 675 gensem
1244 575 1377 650 sub
1451 598 1654 649 suam
1721 573 2251 673 protectionem
2304 572 2586 670 recipit.
2681 574 2901 661 1196,

874 704 1053 801 Apr.
1106 707 1173 777 9.
1210 724 1349 799 ap.
1391 699 1839 777 Wirceburc.

843 860 911 928 O.
984 862 1060 926 In
1119 860 1371 925 nomine
1434 865 1654 925 sancte
1712 863 1774 923 et
1818 855 2144 922 individue
2187 854 2502 921 trinitatis.
2560 852 2902 919 -Heinricus

664 974 883 1035 sextus
933 968 1151 1033 divina
1180 966 1431 1033 favente
1464 965 1803 1031 clementia
1831 965 2257 1029 Romanorum
2296 961 2636 1047 imperator
2665 979 2904 1044 semper

663 1081 966 1159 augustus
1024 1081 1085 1140 et
1141 1094 1251 1139 rex
1299 1074 1513 1140 Sicilie
1564 1074 1610 1148 ΙΙ.
1690 1072 2180 1138 Antecessorum
2233 1074 2590 1133 nostrorum
2645 1066 2906 1150 impera-

663 1189 869 1249 torum
925 1182 1059 1247 sive
1116 1200 1337 1263 regum
1398 1186 1734 1263 sequentes
1790 1178 2088 1261 vestigia,
2148 1177 2300 1259 hiis,
2373 1194 2494 1259 que
2561 1194 2678 1259 per
2734 1173 2904 1259 ipsos

664 1289 836 1355 circa
898 1288 1203 1353 ecclesias
1250 1288 1372 1351 Dei
1429 1288 1539 1371 pia
1591 1285 1928 1369 largitione
1983 1290 2168 1367 gesta
2223 1289 2397 1365 sunt,
2459 1281 2662 1347 nostri
2712 1280 2907 1345 muni·

662 1396 851 1463 minis
908 1395 1098 1461 robur
1150 1400 1325 1459 tanto
1373 1394 1656 1477 proniori
1715 1393 1924 1457 animo
1940 1440 1956 1473 ,
2015 1390 2124 1455 ubi
2183 1391 2649 1473 expostulatum
2707 1386 2905 1469 fuerit,

665 1502 1063 1568 decernimus
1112 1520 1453 1585 apponere,
1504 1506 1740 1583 quanto
1787 1498 2172 1585 diligentiori
2218 1496 2425 1561 studio
2473 1495 2908 1560 consuevimus

666 1607 751 1673 ad
796 1608 1045 1673 illarum
1091 1613 1320 1672 statum
1377 1607 1610 1673 bonum
1656 1614 1718 1672 et
1762 1626 2132 1691 processum
2173 1603 2506 1669 honestum
2553 1607 2910 1668 constanter

665 1712 1009 1780 intendere.
1082 1714 1223 1792 Qua
1253 1734 1409 1779 sane
1441 1714 1948 1780 consideratione
1978 1711 2235 1795 inducti,
2285 1710 2633 1795 privilegiis
2667 1708 2909 1777 Ottonis

664 1822 879 1907 primi,
944 1820 1209 1887 secundi
1264 1826 1327 1886 et
1381 1822 1559 1887 tercii
1619 1827 1681 1887 et
1735 1822 2000 1887 aliorum
2055 1820 2502 1911 imperatorum
2559 1838 2638 1882 ac
2695 1836 2912 1900 regum

666 1948 856 2012 quam
923 1927 1195 2015 plurium
1268 1948 1457 2012 super
1510 1928 1976 1993 constructione
2032 1924 2597 2010 Magdeburgensis
2646 1922 2911 1989 ecclesie

668 2054 745 2099 ac
791 2034 1265 2099 confirmatione
1310 2034 1674 2118 prediorum
1719 2041 1781 2100 et
1825 2036 2130 2100 bonorum
2175 2034 2441 2113 illorum,
2493 2052 2615 2114 que
2646 2032 2724 2097 ab
2755 2029 2910 2115 ipsis

668 2140 1175 2205 antecessoribus
1220 2141 1455 2205 nostris
1502 2141 1605 2205 vel
1651 2142 1731 2205 ab
1779 2142 1922 2207 aliis
1955 2140 2333 2224 quibuslibet
2363 2138 2595 2204 Christi
2623 2137 2910 2203 fidelibus

669 2247 728 2311 ei
776 2247 1008 2311 collata
1054 2252 1227 2329 sunt,
1289 2247 1612 2331 inspectis,
1673 2247 1757 2313 ad
1813 2268 2036 2333 preces
2094 2247 2309 2312 dilecti
2354 2246 2554 2311 nostri
2598 2243 2911 2329 Ludolphi

666 2351 1232 2436 Magdeburgensis
1266 2353 1730 2440 archiepiscopi
1763 2354 2031 2443 eandem
2063 2355 2398 2429 ecclesiam
2431 2373 2574 2418 cum
2604 2349 2909 2418 universis

665 2460 1060 2544 pertinentiis
1118 2461 1250 2525 suis
1306 2466 1437 2525 tam
1495 2461 1650 2544 hiis,
1713 2481 1834 2543 que
1892 2481 2093 2544 usque
2151 2461 2234 2526 ad
2279 2461 2398 2526 hec
2442 2466 2728 2544 tempora
2770 2477 2910 2543 pos-

668 2566 860 2648 sedit,
922 2586 1109 2649 quam
1155 2566 1309 2649 hiis,
1371 2587 1489 2651 que
1536 2568 1600 2632 in
1647 2574 1971 2652 posterum
2029 2575 2344 2633 annuente
2390 2566 2643 2631 domino
2689 2565 2912 2651 poterit

670 2672 961 2757 adipisci,
1012 2674 1128 2738 sub
1176 2674 1570 2757 imperialem
1615 2677 2068 2758 protectionem
2113 2676 2452 2759 recipimus
2499 2694 2576 2739 ac
2605 2672 2910 2757 presentis

670 2781 888 2864 scripti
947 2780 1387 2845 confirmamus
1445 2782 1815 2865 patrocinio.
1889 2784 2246 2849 Statuentes
2307 2787 2369 2847 et
2423 2778 2734 2864 imperiali
2777 2798 2912 2863 pre-

670 2888 976 2971 cipientes
1024 2886 1259 2970 edict0,
1321 2893 1416 2970 ut,
1478 2889 1643 2953 sicut
1699 2888 1764 2952 in
1822 2889 1982 2972 ipsis
2041 2889 2392 2974 privilegiis
2448 2895 2913 2953 antecessorum

669 3000 1023 3059 nostrorum
1069 2993 1355 3059 divorum
1402 3000 1810 3077 augustorum
1868 3016 1944 3061 ac
1989 3015 2208 3078 regum
2253 2998 2679 3063 Romanorum
2725 2991 2914 3058 conti-

670 3106 869 3181 netur,
920 3100 1128 3195 nullus
1176 3097 1322 3183 duX,
1374 3121 1604 3184 comes,
1655 3103 1759 3167 vel
1794 3101 2013 3186 judex,
2063 3104 2165 3167 vel
2208 3103 2338 3167 alia
2381 3119 2750 3186 quecunque
2780 3119 2915 3183 per-

672 3224 833 3272 sona
878 3205 1129 3270 humilis
1175 3206 1279 3271 vel
1325 3208 1454 3271 alta
1500 3208 1778 3291 aliquam
1825 3208 2126 3292 deinceps
2157 3209 2223 3273 in
2253 3208 2436 3274 bonis
2475 3208 2673 3293 ipsius
2721 3207 2915 3273 eccle-

672 3312 765 3393 sie
810 3334 851 3377 a
896 3306 1267 3396 quocunque
1326 3313 1571 3380 collatis
1633 3336 1746 3381 seu
1801 3316 1865 3380 in
1923 3322 2245 3400 posterum
2300 3313 2699 3381 conferendis
2746 3318 2916 3396 pote-

672 3424 899 3485 statem
966 3420 1199 3485 habeat
1264 3422 1472 3505 ipsum
1540 3422 2086 3506 archiepiscopum
2164 3428 2226 3486 et
2300 3442 2448 3487 suos
2517 3438 2918 3485 successores

673 3547 989 3611 quoquam
1033 3526 1223 3592 modo
1269 3528 1546 3593 vexandi
1590 3534 1700 3593 aut
1743 3528 2031 3594 homines
2075 3529 2340 3609 ecclesie
2369 3528 2772 3612 petitionibus
2817 3527 2922 3593 vel

672 3623 817 3699 ullis
864 3653 1125 3717 prorsus
1176 3636 1608 3701 exactionibus
1655 3634 1957 3701 infestare
2003 3635 2120 3701 sed
2149 3635 2416 3716 ecclesie
2446 3634 2792 3700 advocatus
2838 3634 2918 3699 ab

674 3740 1155 3827 archiepiscopo
1201 3743 1479 3826 legitime
1524 3743 1864 3825 institutuS,
1915 3742 2086 3825 quod
2133 3743 2232 3807 sui
2265 3742 2430 3827 juris
2474 3749 2588 3827 est,
2639 3743 2775 3809 sine
2804 3740 2920 3806 dis-

674 3846 951 3913 ficultate
990 3869 1102 3915 seu
1132 3851 1500 3934 gravamine
1533 3856 1897 3932 exequatur.
1971 3850 2342 3915 Sanccimus
2373 3850 2580 3935 igitur,
2615 3855 2684 3915 ut
2713 3850 2920 3914 nullus

678 3956 931 4021 omnino
980 3957 1044 4022 in
1092 3958 1626 4042 posterum-hanc
1671 3964 1884 4040 nostre
1917 3957 2406 4023 confirmationis
2437 3958 2739 4044 paginam
2781 3976 2922 4041 pre-

676 4069 885 4128 sumat
913 4066 1016 4129 vel
1047 4064 1280 4129 audeat
1308 4065 1706 4147 aliquatenus
1737 4064 2097 4148 infringere.
2168 4064 2354 4144 Quod
2385 4066 2443 4131 si
2473 4066 2614 4149 quis
2660 4070 2924 4149 attemp-

677 4170 906 4235 taverit
960 4175 1209 4236 centum
1264 4170 1460 4235 libras
1518 4170 1656 4235 auri
1711 4192 1827 4255 pro
1882 4192 2093 4257 poena
2158 4177 2524 4257 componat,
2595 4171 2926 4238 dimidium
