3209 5434
1406 470 1532 534 177

336 625 671 709 significat.
742 627 844 692 Ita
886 632 1054 693 recte
1101 625 1256 693 illud
1298 622 1558 712 Hofer²)
1602 629 2047 713 interpretatus
2095 634 2207 711 est,
2260 626 2375 695 sed
2422 648 2589 695 erra·

335 733 427 797 vit
482 733 868 799 contendens
915 735 1163 818 signum
1212 736 1489 818 speciale
1545 736 1670 801 nisi
1726 736 1792 799 in
1850 736 2084 801 chartis
2138 736 2419 801 Heinrici
2466 738 2583 802 ΙΠ.
2660 814 2664 819 ,

336 860 467 904 non
513 861 869 907 occurrere:
932 840 1062 907 vidi
1120 842 1286 907 enim
1349 842 1415 906 id
1469 842 1534 907 in
1579 842 1791 907 multis
1840 841 2103 907 duorum
2151 862 2588 909 successorum

335 946 474 1031 ejus
535 948 799 1014 chartis:
859 970 917 1013 v.
966 969 1027 1031 g.
1074 948 1332 1032 Stumpf
1379 950 1571 1015 2873.
1637 951 1831 1015 2874.
1898 951 2092 1015 2877.
2144 951 2337 1015 2878.
2388 950 2583 1016 2885.

335 1054 532 1119 2894.
585 1057 776 1121 2943.
829 1055 1022 1135 2958.
1074 1054 1268 1121 3085.
1321 1056 1515 1120 3119.

515 1269 632 1334 No.
663 1270 766 1335 39.
831 1266 1246 1335 Observanda
1278 1274 1424 1333 sunt
1443 1268 1639 1333 verba
1677 1266 1885 1353 „quod
1918 1268 2067 1351 quia
2098 1268 2337 1352 absque
2367 1274 2584 1335 nostro

335 1394 653 1441 consensu
700 1383 763 1442 et
806 1378 1128 1443 voluntate
1172 1375 1310 1441 fieri
1356 1394 1483 1440 non
1529 1376 1749 1459 potuit,
1802 1396 1902 1440 res
1951 1375 2034 1439 ad
2079 1396 2197 1441 nos
2246 1375 2444 1440 dilata
2489 1382 2586 1442 est

333 1488 399 1547 et
445 1482 778 1567 diligenter
825 1476 1244 1549 examinata“.
1319 1484 1461 1549 Non
1509 1482 1796 1548 omnibus
1842 1477 2307 1567 „concambiis“
2344 1484 2584 1567 regiam

333 1590 898 1681 confirmationem,
957 1598 1026 1654 ut
1081 1596 1221 1655 rata
1274 1595 1514 1673 essent,
1576 1610 1736 1674 opus
1794 1590 2018 1673 fuisse,
2078 1590 2419 1654 verisimile
2465 1596 2580 1674 est,

331 1695 451 1761 sed
497 1717 659 1779 quae
706 1703 766 1763 et
813 1699 1027 1781 qualia
1071 1717 1150 1762 ea
1179 1696 1580 1781 indiguerint,
1632 1697 1840 1762 adhue
1882 1718 2009 1762 non
2041 1702 2303 1762 constat.
2379 1697 2583 1775 Quae-

330 1804 602 1869 stionem
647 1805 836 1871 valde
881 1805 1157 1888 dignam,
1209 1824 1369 1887 quae
1413 1804 1667 1869 uberius
1708 1810 2024 1889 tractetur,
2074 1804 2278 1887 tetigit
2307 1804 2422 1869 sed
2454 1822 2583 1869 non

328 1912 636 1995 persolvit
681 1912 926 1996 Sickel,
974 1913 1250 1997 Diplom.
1301 1911 1596 1995 Beitrage
1642 1912 1675 1975 I
1720 1906 1814 1996 (in
1862 1917 1979 1976 act.
2018 1910 2197 1976 acad.
2233 1912 2575 1977 ViennenS.
2630 1900 2639 1913 ’

327 2016 475 2083 hist.
495 2020 680 2102 -phil.
714 2020 1017 2103 XXXVI,
1060 2020 1186 2084 361
1222 2012 1356 2101 ss).

510 2126 810 2210 Diploma
875 2146 1025 2191 vero
1081 2131 1366 2191 nostrum
1420 2124 1608 2189 etiam
1666 2125 1826 2190 alias
1884 2124 1964 2189 ob
2021 2144 2125 2189 res
2186 2124 2579 2209 pemotabile

329 2238 457 2316 est,
518 2231 837 2317 discrepat
882 2233 1050 2298 enim
1093 2232 1352 2297 multum
1399 2252 1440 2296 a
1486 2230 1709 2297 ceteris
1756 2250 1971 2315 regum
2019 2237 2081 2296 et
2125 2231 2572 2317 imperatorum

327 2341 704 2424 praeceptis.
777 2340 1065 2405 Crismon
1112 2338 1306 2422 deest,
1357 2358 1833 2421 monogramma
1878 2357 2081 2421 neque
2126 2338 2192 2403 in
2222 2360 2408 2405 versu
2440 2360 2576 2405 cor·

328 2447 747 2513 roborationis
794 2452 1188 2530 memoratur,
1238 2465 1444 2528 neque
1483 2446 1692 2529 ipsum
1726 2444 2108 2511 delineatum
2141 2452 2253 2529 est,
2305 2445 2577 2530 denique
2641 2456 2663 2481 ·

329 2573 371 2618 a
417 2554 794 2635 cancellario
842 2553 1124 2637 diploma
1168 2553 1557 2636 recognitum
1601 2573 1731 2617 non
1778 2559 1889 2617 est.
1960 2553 2038 2617 In
2068 2572 2256 2618 versu
2286 2560 2577 2619 notarum

328 2659 916 2744 chronologicarum
945 2659 1205 2726 indictio
1236 2681 1365 2725 non
1386 2665 1766 2744 numeratur,
1801 2680 1987 2745 porro
2016 2680 2157 2725 cum
2188 2681 2429 2745 „annus
2454 2660 2578 2727 VH

307 2767 705 2833 ·venerabilis
736 2768 1050 2833 Brunonis
1098 2761 1445 2852 episcopi“,
1492 2768 1779 2832 Heinrici
1823 2787 1974 2832 vero
2022 2788 2228 2851 neque
2259 2769 2438 2852 regni
2469 2788 2576 2833 ne-

328 2893 450 2959 que
495 2874 742 2959 imperii
786 2889 989 2941 annus
1035 2880 1409 2958 numeretur,
1457 2874 1527 2939 id
1573 2895 1823 2958 quoque
1868 2875 1949 2939 ab
1995 2895 2115 2940 usu
2158 2875 2577 2941 cancellariae

325 2982 541 3065 regiae
587 2983 896 3048 abhorret.
966 2983 1067 3047 De
1113 2982 1342 3065 sigi110,
1400 2981 1577 3066 cujus
1624 2983 1954 3066 parvulum
1998 2982 2417 3065 fragmentum
2464 2981 2575 3047 ad-

325 3087 450 3153 huc
506 3096 820 3174 superest,
885 3089 1141 3174 Stumpf
1189 3089 1406 3154 scribit
1469 3090 1630 3172 „mit
1685 3087 1828 3153 dem
1876 3088 2401 3173 Siegelfragment
2460 3088 2573 3155 des

285 3220 292 3227 ’
326 3196 618 3261 Bischofs
651 3189 937 3279 Bruno“;
974 3196 1265 3279 equidem
1295 3196 1690 3279 autographo
1721 3194 2057 3279 diligenter
2087 3196 2372 3280 inspecto
2405 3195 2572 3279 frag-

325 3309 603 3368 mentum
673 3303 843 3387 quod
911 3309 1199 3388 superest
1265 3304 1472 3387 potius
1534 3302 1878 3386 imperialis
1936 3323 2128 3386 quam
2186 3303 2572 3388 episcopalis

325 3410 522 3493 sigilli
565 3430 708 3476 esse
754 3410 1038 3493 arbitror,
1093 3411 1465 3493 praesertim
1511 3430 1653 3475 cum
1698 3410 1766 3474 in
1811 3431 1999 3476 versu
2045 3410 2572 3476 corroborationis

325 3517 518 3600 sigilli
557 3511 856 3601 „nostri“,
895 3517 956 3582 h.
993 3536 1044 3581 e.
1080 3517 1477 3601 imperatoris
1509 3517 1742 3583 mentio
1772 3517 1900 3582 fiat.
1964 3518 2259 3583 Attamen
2293 3517 2573 3601 diploma

323 3624 532 3708 ipsum
585 3644 714 3689 non
758 3624 825 3688 in
869 3623 1150 3688 Heinrici
1182 3625 1254 3689 V.
1291 3625 1690 3708 cancellaria,
1742 3623 1856 3689 sed
1901 3625 2111 3708 potius
2159 3624 2239 3689 ab
2287 3624 2571 3709 episcopi

323 3718 459 3815 sire
513 3731 771 3815 capituli
817 3731 1135 3814 Spirensis
1181 3732 1425 3797 notario
1474 3732 1778 3815 scriptum
1826 3751 1968 3796 esse
2012 3738 2195 3816 put03
2256 3731 2433 3816 cujus
2480 3730 2573 3795 rei

323 3839 666 3921 analogum
715 3836 913 3903 habes
961 3837 1243 3922 diploma
1287 3837 1566 3904 Conradi
1595 3839 1679 3902 ΙΙ.
1717 3838 1805 3903 St.
1846 3837 2016 3902 1959
2064 3833 2359 3921 (Kanzlei
2406 3859 2467 3921 p.
2501 3859 2564 3922 p.

321 3944 395 4007 R.
446 3939 630 4028 103),
691 3964 814 4027 quo
871 3944 1061 4009 simili
1114 3944 1304 4011 modo
1350 3944 1786 4011 concambium
1831 3945 1993 4009 inter
2040 3945 2569 4009 Ratisbonensem

501 4118 544 4181 ¹)
582 4115 892 4171 zeitschrift
925 4114 1014 4171 fiir
1051 4116 1640 4173 Archivwissenschaft
1673 4118 1709 4172 l.
1736 4132 1813 4188 c.;
1859 4115 1939 4171 ibi
1985 4118 2107 4188 ejus
2152 4116 2385 4187 figuram
2436 4118 2569 4173 deli-

320 4207 539 4257 neatam
576 4204 798 4294 videps,
835 4206 1012 4275 qualis
1050 4206 1306 4261 Heinrico
1343 4207 1439 4261 111.
1477 4221 1610 4275 rege
1647 4204 1767 4261 fuit.
1834 4206 1896 4259 In
1932 4204 2263 4274 quibusdam
2300 4208 2569 4277 posterio-

317 4306 438 4345 rum
487 4307 678 4362 regum
727 4293 932 4349 chartis
977 4294 1196 4364 signum
1241 4311 1352 4349 non
1396 4295 1556 4363 plane
1601 4295 1749 4350 idem
1798 4294 1896 4350 sed
1945 4296 2248 4365 paullulum
2286 4290 2568 4353 diversum

317 4385 566 4451 apparet,
602 4381 750 4450 quod
789 4383 894 4454 „M.
919 4382 1091 4453 Imp.“
1130 4383 1478 4454 interpretari
1514 4384 1715 4452 possis.

1748 4486 1755 4495 ·
1999 4474 2067 4527 12
