3209 5434
1345 562 1474 627 169

282 716 368 782 ad
425 724 706 783 nostrum
755 717 864 804 jus
923 720 1192 803 pertinet
1245 742 1285 785 a
1329 727 1544 787 nostro
1580 721 1725 849 jure
1768 721 1834 787 in
1880 727 2255 805 potestatem
2302 742 2525 807 preno-

280 824 504 888 minati
549 825 818 908 presulis
865 825 1382 892 transfundimus

463 931 720 1015 Stumpf
757 934 935 997 2000
965 930 1048 1013 (3.
1082 927 1308 1015 1030):
1360 934 1484 999 tale
1530 923 1806 998 bannum
1854 934 2016 999 sciat
2046 954 2116 999 se
2147 954 2525 1018 componere

279 1038 470 1119 quale
517 1046 935 1123 componeret,
987 1040 1042 1105 si
1087 1039 1245 1104 illud
1273 1045 1616 1160 mercatum
1648 1042 2034 1106 Ratisbonae
2065 1048 2173 1106 aut
2201 1043 2525 1125 Augustae

278 1144 673 1227 inquietaret.

460 1252 718 1336 Stumpf
741 1254 914 1318 2008
939 1248 1023 1337 (a.
1058 1248 1284 1336 1030).
1319 1248 1615 1336 (violator
1637 1248 1978 1343 mercatus)
2002 1273 2309 1328 summam
2331 1255 2526 1323 banni

277 1359 482 1431 nostri
531 1361 752 1424 solvat.
2133 1408 2141 1416 -

461 1466 717 1549 Stumpf
755 1466 930 1531 2506
963 1441 1314 1549 (3.1056)τ
1365 1466 1526 1532 33131
1556 1486 1626 1531 33
1657 1487 2032 1551 componere
2062 1473 2342 1533 nostrum
2372 1429 2525 1533 ban-

277 1593 430 1637 num
476 1574 583 1655 ita,
635 1574 796 1637 sicut
841 1574 948 1637 ille
995 1573 1100 1654 qui
1135 1579 1412 1638 mercato
1443 1574 1792 1657 Mogoncie,
1844 1574 2106 1638 Colonie
2140 1580 2201 1638 et
2230 1574 2523 1640 Treveris

279 1678 602 1744 confracto
651 1685 713 1744 et
759 1680 1182 1744 contaminato
1233 1680 1613 1764 dampnatus
1660 1681 1859 1745 fuerit.

461 1786 717 1870 Stumpf
776 1787 946 1851 2981
998 1781 1092 1869 ·(a.
1148 1783 1374 1870 1067):
1446 1789 1714 1871 Insuper
1773 1788 1962 1852 etiam
2021 1793 2231 1851 nostre
2291 1787 2524 1871 regalis

277 1891 605 1975 dignitatis
652 1893 862 1957 banno
911 1892 1116 1958 eidem
1160 1894 1389 1958 tradito
1439 1890 1553 1958 31111
1587 1900 1805 1959 303113
1833 1894 2228 1978 precepimus
2261 1894 2525 1959 auctori·

276 2004 436 2081 tate,
498 2006 566 2062 ut
624 2020 841 2065 omnes
898 1999 1131 2065 ibidem
1187 2001 1583 2083 negotiantes
1644 2007 1770 2065 tam
1828 2001 1892 2065 in
1952 2000 2157 2065 eundo
2217 2021 2404 2082 quam
2457 2001 2524 2065 13

281 2104 608 2170 redeundo
673 2126 784 2171 seu
841 2107 972 2171 illic
1030 2107 1475 2172 commorando
1532 2090 1758 2191 pacem
1817 2107 2136 2171 obtineant
2192 2109 2524 2190 nullusque

277 2232 509 2277 nocere
567 2219 674 2276 3111
728 2214 794 2277 in
851 2213 1062 2295 aliquo
1108 2221 1431 2297 presumat
1476 2196 1586 2279 eos
1634 2214 1997 2295 inquietare.
2070 2215 2138 2279 Si
2186 2215 2327 2296 quis
2373 2235 2522 2279 vero

277 2318 403 2383 hoc
472 2319 792 2402 infregerit
862 2327 969 2384 aut
1028 2321 1092 2384 in
1151 2321 1362 2403 aliquo
1421 2322 1660 2385 violare
1715 2310 2009 2403 voluerit,
2080 2322 2255 2403 regie
2312 2327 2523 2387 nostre

279 2426 606 2510 dignitatis
651 2428 927 2492 bannum
971 2427 1275 2492 incidisse
1325 2422 1419 2511 [se
1465 2428 1628 2492 sciat
1673 2421 1756 2510 et]
1807 2428 2311 2510 compositurum.
2424 2452 2431 2457 ·

459 2534 636 2597 Haec
695 2532 1027 2598 sufficiant.
1111 2534 1316 2600 Valde
1374 2542 1582 2599 autem
1641 2533 2065 2599 desideranda
2121 2541 2217 2599 est
2272 2534 2523 2599 uberior

279 2639 362 2704 de
409 2640 508 2705 his
554 2641 740 2705 rebus
789 2642 1094 2725 3313111113,
1145 2662 1270 2725 qua
1317 2641 1400 2706 ad
1445 2641 1698 2726 singula
1726 2642 2114 2725 respiciatur,
2165 2641 2521 2723 disquisitio

274 2744 705 2830 diplomatica.

370 2973 372 2975 ,
458 2907 714 2972 Νο.17.
756 2909 857 2972 18.
899 2908 996 2973 19.
1073 2855 1378 2973 Conferas
1425 2906 1505 2971 de
1550 2908 1748 2973 11111113
1794 2908 1893 2972 1113
1943 2906 2321 2991 diplomatiS,
2371 2925 2521 2987 quo-

277 3032 416 3077 rum
463 3034 671 3095 unum,
721 3020 789 3077 ut
834 3014 899 3078 in
947 3014 1221 3079 editione
1269 3014 1672 3080 Grandidieri
1716 3034 1858 3079 esse
1890 3015 2065 3095 solet,
2114 3015 2523 3095 neglegenter

279 3127 663 3205 excerptum,
713 3122 1023 3205 integrum
1070 3122 1279 3186 adhuc
1325 3122 1560 3185 editum
1607 3127 1705 3186 est
1744 3123 1999 3203 nullum,
2050 3120 2519 3184 annotationem

277 3228 356 3291 N.
411 3229 510 3291 11.
552 3229 632 3291 12
679 3228 1010 3313 adjectam.
1097 3228 1371 3293 Chartae
1418 3228 1494 3291 N.
1535 3226 1615 3291 18
1656 3226 1823 3313 sdu0,
1883 3227 1959 3291 N.
2002 3228 2099 3291 17.
2141 3228 2220 3290 19
2270 3226 2521 3308 singula

278 3335 671 3417 exemplaria
711 3340 1062 3418 supersunt.
1122 3335 1199 3399 In
1246 3334 1588 3417 diplomate
1627 3334 1725 3415 19,
1762 3333 1931 3415 quod
1962 3333 2149 3398 valde
2177 3334 2520 3397 laceratum

278 3446 394 3523 est,
459 3440 676 3524 „ducis
724 3442 1068 3507 Suevorum
1118 3440 1380 3526 ejusque
1424 3441 1640 3505 uxoris
1686 3440 1855 3505 filiae
1899 3442 2069 3523 regis
2113 3440 2519 3523 Burgundiae

277 3547 586 3631 Conradi,
645 3548 886 3614 scilicet
930 3548 1140 3612 fratris
1189 3547 1473 3633 ejusdem
1519 3548 1703 3611 aviae
1746 3553 2003 3611 nostrae
2048 3541 2511 3630 (Adelheidis)“

275 3655 510 3719 mentio
541 3725 548 3731 ,
577 3655 662 3719 fit.
752 3656 998 3720 Nomen
1045 3653 1296 3737 quidem
1355 3654 1534 3719 ducis
1589 3654 1717 3736 legi
1772 3674 1900 3718 non
1954 3659 2191 3737 potest,
2263 3653 2379 3718 sed
2438 3653 2518 3718 de

276 3762 666 3825 Herimanno
700 3761 980 3845 diploma
1010 3780 1197 3843 agere
1228 3766 1418 3843 patet.
1491 3759 1582 3825 Cf.
1618 3760 1981 3824 Herimann.
2016 3760 2317 3843 AugienS.
2353 3761 2515 3824 997:

274 3863 725 3951 (Herimannus
776 3867 902 3931 dux
951 3862 1247 3949 Sueviae)
1291 3855 1487 3930 filiam
1533 3866 1852 3932 Oounradi
1896 3867 2065 3949 regis
2111 3865 2517 3949 Burgundiae

238 4010 243 4014 Δ
277 3974 664 4058 Gerbingam
686 3962 766 4039 ⁸in
797 3974 1192 4039 matrimonio
1229 3973 1462 4037 habuit.
1533 3974 1851 4040 Mirac.'S.
1886 3972 2221 4037 Adalheid.
2257 3972 2369 4037 SS.
2404 3972 2512 4053 IV,

277 4082 440 4146 646:
500 4082 921 4172 Herimannus
982 4080 1111 4144 dux
1169 4080 1438 4145 Sueviae
1497 4080 1603 4161 qui
1657 4079 1868 4144 fratris
1926 4080 2094 4145 illius
2154 4078 2516 4144 Ohuonradi

272 4188 471 4253 filiam
517 4188 583 4251 in
628 4188 990 4273 conjugium
1034 4192 1369 4271 acceperat
1413 4192 1526 4251 cet.
1589 4248 1600 4260 ,

455 4348 572 4413 No.
614 4349 716 4412 20.
799 4342 899 4412 De
958 4331 1204 4430 litteris,
1266 4346 1489 4429 quibus
1556 4343 2056 4431 „mundeburdis
2075 4339 2106 4373 “
2157 4346 2337 4429 regia
2380 4346 2516 4412 sive
2633 4410 2641 4417 .

275 4453 634 4519 hominibus
666 4454 932 4536 singulis
965 4454 1099 4519 sive
1129 4454 1418 4519 ecclesiis
1451 4453 1783 4536 confertur,
1814 4452 1948 4535 egit
1976 4452 2191 4518 Sickel
2220 4452 2515 4536 Beitrage
