3209 5434
1003 1510 1825 1607 ANNOTATIONES.

1310 1721 1522 1729 —.-

473 1879 591 1944 No,
635 1881 690 1943 1.
762 1880 1130 1965 Diplomata
1160 1880 1600 1945 Murbacensia
1644 1880 1792 1945 inde
1838 1900 1879 1945 a
1908 1879 2201 1946 Conrado
2230 1882 2280 1945 I.
2329 1860 2531 1965 usque

292 1984 380 2049 ad
410 2006 644 2050 annum
681 1987 849 2051 1198
895 1992 1134 2069 septem
1182 1986 1364 2052 nobis
1411 1993 1787 2051 conservata
1832 1993 1976 2051 sunt
2004 1983 2321 2071 (Bohmer,
2372 1988 2528 2071 Reg.

290 2091 439 2176 imp.
481 2092 581 2158 15.
667 2092 925 2178 Stumpf
960 2094 1107 2159 704.
1158 2092 1303 2158 705.
1349 2094 1499 2158 916.
1541 2094 1730 2158 1813.
1772 2095 1960 2159 1892.
1998 2087 2217 2176 2370).
2298 2095 2533 2159 Eorum

291 2199 565 2264 omnium
577 2248 595 2283 ,
670 2206 937 2284 excepta
993 2200 1213 2279 charta
1272 2200 1360 2265 St.
1405 2196 1565 2283 916,
1640 2200 2037 2285 autographa
2098 2200 2166 2266 in
2222 2200 2531 2266 tabulario

291 2304 706 2372 colmariensi
765 2313 1094 2372 asservata
1147 2307 1308 2390 vidi,
1367 2326 1559 2394 unum
1612 2306 1769 2371 illud
1814 2306 2049 2373 ibidem
2096 2326 2245 2372 esse
2284 2306 2526 2390 dieitur,

289 2411 434 2496 sed,
496 2433 637 2478 cum
685 2413 1039 2479 Colmariae
1098 2434 1334 2497 essem,
1394 2413 1663 2479 inveniri
1718 2434 1848 2479 non
1904 2414 2115 2479 statim
2172 2415 2391 2500 potuit.
2440 2450 2530 2459 —

289 2519 388 2585 De
419 2520 605 2602 notiS,
652 2540 813 2603 quae
844 2520 911 2584 in
943 2514 1142 2603 signis
1174 2521 1671 2604 recognitionum
1705 2521 2116 2605 diplomatum
2148 2522 2424 2587 Conradi
2453 2524 2525 2606 1.‚

289 2626 572 2692 Heinrici
604 2627 675 2710 1.,
727 2626 976 2692 Ottonis
1006 2628 1056 2691 Ι.
1107 2633 1455 2710 occurrunt,
1507 2628 1633 2692 alio
1677 2627 1817 2693 loco
1863 2627 2115 2693 uberius
2162 2650 2379 2713 agam,
2426 2593 2562 2738 111οἱ
2600 2612 2845 2729 sysaffl

286 2753 496 2818 pauca
541 2732 781 2799 dixisse
827 2728 1116 2798 sufficiat.
1201 2734 1394 2799 Falso
1467 2753 1583 2799 eae
1650 2754 1690 2798 a
1736 2734 2156 2824 compluribus
2214 2734 2564 2819 scriptori·‘

285 2840 404 2905 bus
465 2846 652 2923 atque
696 2840 886 2905 etiam
941 2840 1020 2905 ab
1069 2839 1410 2905 editoribus
1456 2840 2000 2905 Monumentorum
2045 2841 2379 2905 Boicorum
2424 2840 2530 2905 Ti-

287 2946 590 3011 ronianae
659 2948 1086 3031 appellantur3
1168 2946 1414 3011 illarum
1494 2947 1662 3011 enim
1739 2952 2028 3013 notarum
2094 2966 2277 3012 usum
2341 2953 2529 3031 atque

289 3053 712 3135 cognitionem
746 3052 885 3137 jam
930 3052 1138 3117 medio
1172 3055 1425 3119 saeculo
1457 3073 1625 3119 nono
1672 3054 1738 3118 in
1770 3054 2153 3118 cancellaria
2201 3074 2342 3119 esse
2387 3074 2528 3137 per·

287 3157 437 3243 dita,
472 3160 926 3225 demonstravit
957 3160 1174 3225 Sickel
1203 3154 1733 3244 (Diplomatische
1763 3160 2059 3243 Beitrage
2090 3160 2171 3243 II,
2208 3160 2527 3243 Sitzungs-

287 3262 565 3332 beric'hte
596 3265 710 3331 der
740 3267 998 3332 Wiener
1026 3266 1399 3350 Akademie,
1450 3264 2275 3351 historisch·philologische
2306 3265 2528 3331 Classe

285 3374 596 3452 XXXIX,
639 3370 811 3455 116).
885 3374 1154 3466 Saeculo
1201 3374 1391 3456 igitur
1435 3372 1680 3438 decimo
1725 3379 1896 3438 recte
1942 3372 2102 3437 dixit
2146 3373 2337 3458 Kopp
2379 3367 2527 3456 (Pa-

285 3480 702 3564 laeographia
729 3480 949 3545 critica
978 3480 1028 3562 I,
1064 3480 1121 3557 ἓ.
1157 3474 1318 3562 432)
1370 3485 1471 3563 „et
1515 3470 1769 3545 omnino
1815 3486 2117 3547 mutatam
2161 3500 2305 3545 esse
2349 3484 2527 3545 nota-

284 3586 519 3651 riorum
577 3587 882 3653 rationem
943 3586 1292 3672 diplomata
1337 3586 1775 3651 subscribendi
1820 3592 1882 3651 et
1926 3586 2274 3651 obsoletam
2320 3606 2526 3669 paene

283 3698 574 3757 notarum
605 3686 1088 3776 cognitionem“.
1161 3695 1458 3758 Attamen
1503 3714 1632 3757 non
1678 3713 1817 3757 cum
1849 3694 1983 3758 viro
2018 3691 2271 3758 doctiss,
2308 3692 2525 3759 Sickel

283 3794 351 3883 (l.
388 3819 441 3863 0.
491 3819 638 3883 pag.
680 3796 833 3882 118)
891 3800 1158 3865 arbitror
1214 3799 1350 3864 fieri
1395 3819 1524 3864 non
1569 3820 1789 3883 posse,
1852 3806 1921 3864 ut
1978 3805 2191 3882 notaS,
2254 3819 2411 3883 quas
2457 3799 2524 3863 in

284 3906 524 3972 saeculi
554 3905 780 3971 decimi
814 3906 1048 3971 chartis
1079 3904 1450 3987 invenimus,
1500 3905 1992 3989 interpretemur.
2054 3904 2326 3984 Quidam
2356 3906 2523 3971 enim

283 4014 677 4078 cancellarii:
751 4014 996 4096 Simon,
1068 4013 1321 4097 Poppo,
1382 4012 1595 4076 Bruno
1655 4018 1783 4077 tam
1840 4017 2203 4077 constanter
2258 4018 2321 4077 et
2375 4031 2522 4077 con·
2590 4022 2603 4037 ⁴

279 4124 576 4203 gruenter
608 4126 792 4184 notas
825 4139 974 4185 suas
1007 4125 1441 4201 exaraverunt,
1491 4124 1574 4202 ut,
1618 4118 1769 4201 quid
1800 4118 2171 4201 significent,
2208 4118 2523 4203 conjicere

279 4244 412 4289 non
469 4223 632 4290 adeo
692 4226 951 4291 difficile
1007 4226 1161 4290 mihi
1219 4245 1364 4291 esse
1416 4224 1720 4291 videatur.
1812 4225 2112 4291 Salomon
2164 4243 2318 4290 vero
2375 4244 2523 4289 can-

281 4331 594 4415 cellarius,
644 4333 753 4415 qui
794 4338 1080 4397 nostrum
1110 4332 1393 4416 diploma
1434 4330 1819 4415 recognovit,
1868 4337 2052 4396 notas
2099 4330 2352 4396 omnino
2393 4350 2522 4396 non

277 4436 529 4503 videtur
572 4438 977 4505 intellexisse.
1047 4439 1209 4504 Nam
1252 4458 1394 4504 cum
1424 4438 1789 4524 conjectura
1816 4438 2055 4523 Koppii
2086 4433 2154 4522 (1.
2189 4449 2243 4504 0.
2294 4437 2334 4515 ἓ
2365 4437 2517 4521 435,
