3209 5434
1724 507 1852 573 184
1920 516 1943 533 ”

658 671 822 737 libus
882 671 1145 735 salutem
1164 719 1182 753 ,
1243 668 1378 735 sive
1425 668 1695 752 gratiam
1755 687 1933 732 suam
1981 670 2043 731 et
2088 684 2271 730 omne
2316 663 2566 745 bonum,
2617 662 2891 727 omnibus

656 778 740 845 ad
789 798 948 861 quos
995 782 1325 862 presentes
1372 776 1619 861 litterae
1665 773 2067 867 pervenerint
2110 793 2171 856 g.
2208 791 2257 836 s.
2295 791 2348 836 6.
2385 792 2440 835 o.
2475 763 2596 852 b.),
2658 775 2719 833 et
2762 788 2893 851 spe·

657 886 846 950 cialia
890 877 1002 967 (ad
1047 903 1240 948 unum
1286 901 1398 947 seu
1461 883 1816 967 complures
1873 880 2161 945 homines
2219 879 2288 943 in
2342 878 2487 960 ipsa
2530 874 2751 941 charta
2793 896 2893 939 no-

654 992 925 1057 minatos
983 984 1247 1074 scripta)
1308 986 1761 1071 distinguenda
1817 1007 1961 1052 esse
2015 986 2171 1051 mihi
2226 983 2534 1050 videntur.
2631 982 2771 1060 Qua
2820 982 2893 1047 de

658 1096 972 1163 divisione
1029 1096 1155 1161 alio
1214 1097 1357 1160 loco
1405 1095 1656 1160 uberius
1702 1093 2021 1178 agendum
2063 1093 2201 1158 erit.
2290 1090 2476 1169 Quod
2523 1090 2580 1155 si
2627 1110 2765 1155 eam
2808 1111 2893 1155 re-

657 1202 934 1287 ceperis,
997 1208 1215 1267 nostra
1271 1201 1490 1267 charta
1545 1202 1623 1267 N.
1659 1203 1745 1266 47
1804 1200 1891 1267 ad
1944 1205 2287 1285 praecepta
2329 1198 2536 1263 minus
2594 1196 2894 1262 sollennia

657 1310 942 1394 pertinet.
1017 1307 1498 1377 Observandum
1546 1313 1759 1373 autem
1805 1313 1927 1391 est,
1990 1306 2162 1390 quod
2216 1307 2283 1371 in
2329 1326 2408 1371 ea
2452 1304 2749 1386 occurrit,
2795 1325 2893 1369 vo-

659 1418 949 1483 cabulum
1003 1409 1317 1500 „notula“.

837 1596 955 1661 No.
992 1596 1097 1660 48.
1193 1591 1643 1677 Comparanda
1700 1612 1843 1657 cum
1886 1592 2010 1658 hoc
2057 1591 2401 1676 diplomate
2460 1599 2606 1657 sunt
2664 1590 2893 1656 mundi-

658 1700 886 1766 burdia
931 1719 1097 1765 saec.
1131 1701 1229 1764 XI
1276 1702 1352 1766 N.
1387 1701 1491 1765 20.
1528 1701 1632 1765 23.
1671 1700 1774 1765 26.

838 1834 956 1944 No,
992 1876 1097 1943 50.
1177 1876 1547 1942 Mandatum
1602 1880 1928 1962 generale,
1990 1877 2067 1943 cs.
2117 1878 2193 1943 N.
2229 1878 2315 1941 47
2375 1897 2520 1941 ann.
2592 1876 2895 1960 Scriptum

659 1991 757 2052 est
811 1985 878 2049 in
933 1986 1308 2050 membrana·
1358 1984 1656 2051 minimae
1714 1985 1980 2069 formae,
2042 1984 2671 2072 11116118051011ς3118
2716 2004 2895 2049 unum

535 2090 548 2103 ‘
660 2113 890 2157 nomen
934 2092 1269 2157 Heinricus
1319 2098 1647 2157 exaratum
1693 2098 1805 2158 est.

838 2271 954 2336 No.
989 2270 1096 2334 51.
1131 2269 1236 2335 52.
1311 2270 1659 2352 Utrumque
1693 2269 1990 2356 diploma,
2028 2290 2109 2335 ex
2138 2270 2297 2335 libro
2331 2270 2612 2354 copiario
2645 2269 2896 2351 Salemi·

659 2383 809 2441 tano
858 2377 1271 2461 desumptum,
1324 2376 1494 2459 quod
1540 2378 1740 2442 sciam
1787 2375 1996 2441 adhuc
2040 2376 2275 2442 editum
2320 2397 2448 2441 non
2493 2382 2607 2442 est.
2680 2377 2897 2443 Obser-

660 2483 937 2550 vandum
984 2490 1081 2549 est
1125 2483 1489 2568 Philippum
1525 2484 1664 2569 jam
1709 2504 1924 2567 regem
1968 2485 2421 2568 Romanorum,
2469 2482 2751 2548 nondum
2794 2484 2896 2547 im-

660 2597 1033 2675 peratorem,
1067 2592 1311 2656 titulum
1352 2611 1642 2676 „semper
1672 2585 1960 2674 augusti“
1998 2592 2365 2675 sumpsisse.
2428 2590 2757 2673 Oonradus
2786 2591 2893 2655 ΙΠ.

663 2703 998 2781 augustum
1057 2716 1126 2763 se
1184 2719 1312 2764 non
1368 2699 1649 2781 vocavit,
1710 2698 2070 2764 Fridericus
2118 2699 2166 2763 I.
2226 2719 2341 2765 rex
2396 2697 2710 2763 interdum
2753 2692 2897 2780 (non

664 2825 912 2888 semper
959 2802 1036 2869 cf.
1075 2804 1332 2889 Stumpf
1369 2806 1564 2871 3623.
1604 2800 1810 2888 3681)
1863 2800 2271 2891 „augustum“
2298 2800 2346 2888 ι)
2391 2826 2461 2871 86
2505 2800 2754 2871 videtur
2797 2825 2898 2888 ap-

663 2911 1007 2996 pellavisse
1076 2908 1181 2992 (cf.
1243 2912 1500 2996 Stumpf
1547 2913 1742 2978 3642.
1807 2914 2001 2977 3671.
2062 2908 2297 2995 3672),
2377 2911 2650 2995 denique
2717 2913 2898 2977 Hein-

663 3019 830 3083 ricus
877 3019 984 3082 VI.
1034 3016 1174 3102 jam
1233 3024 1590 3102 antequam.
1629 3020 2021 3103 imperialem
2077 3039 2375 3085 coronam
2433 3019 2895 3104 adipisceretur,

671 3146 960 3210 „semper
1005 3121 1292 3209 augusti“
1344 3146 1575 3191 nomen
1623 3126 1743 3191 sibi
1789 3125 1965 3191 dedit
2020 3121 2126 3209 (cf.
2176 3127 2433 3212 Stumpf
2468 3128 2664 3192 4604.
2708 3128 2897 3194 4609.

666 3227 888 3314 4637).
985 3232 1061 3296 111
1120 3231 1340 3297 charta
1397 3234 1472 3299 Ν.
1518 3232 1606 3299 52
1665 3253 1961 3299 numerus
2027 3228 2419 3319 „secundus“
2483 3234 2898 3299 memorabilis

667 3345 780 3421 est,
831 3358 1018 3422 quem
1046 3338 1378 3423 Philippus
1427 3360 1621 3424 saepe
1649 3341 1889 3405 nomini
1930 3359 2045 3406 suo
2076 3340 2379 3425 adjungit.
2450 3342 2733 3408 Alterum
2763 3342 2900 3405 Phi-

665 3447 908 3530 lippum
952 3445 1115 3510 inter
1159 3466 1343 3529 reges
1393 3447 1771 3512 Germaniae
1817 3468 1944 3512 non
1988 3448 2373 3531 invenimus,
2438 3449 2552 3515 sed
2598 3451 2901 3515 Romano-

667 3573 804 3618 rum
850 3553 1187 3636 imperator
1232 3554 1416 3618 tertio
1463 3574 1522 3638 p.
1560 3554 1703 3620 Chr.
1740 3576 1803 3619 n.
1837 3557 2092 3620 saeculo
2123 3555 2455 3641 Philippus
2487 3557 2743 3640 quidam
2770 3556 2897 3639 fuit,

669 3679 854 3742 quem
900 3666 1113 3726 noster
1158 3647 1626 3726 antecessorem
1674 3682 1856 3728 suum
1898 3662 2198 3729 habuisse
2226 3663 2474 3730 videtur
2502 3660 2609 3746 (cf.
2646 3665 2898 3746 Gruber,

668 3765 1075 3851 Lehrsystem
1121 3767 1236 3833 der
1278 3768 1676 3852 Diplomatik
1720 3771 1771 3851 I,
1822 3767 1998 3850 273).

853 3873 1124 3939 Chartae
1170 3875 1245 3939 N.
1282 3874 1365 3938 51
1416 3882 1667 3959 praeter
1713 3876 1881 3942 diem
1929 3882 1991 3941 et
2030 3878 2236 3941 locum
2266 3896 2483 3943 omnes
2514 3884 2703 3943 notae
2732 3878 2902 3943 chro-

673 3981 1006 4063 nologicae
1055 3980 1308 4047 desunt:
1358 3981 1585 4064 quodsi
1632 4002 1772 4047 eam
1803 4004 1858 4047 a.
1892 3985 2066 4049 1200
2095 3984 2395 4067 scriptam
2424 3991 2717 4069 putamus
2745 4005 2901 4068 esse,

669 4086 969 4152 facillime
1014 4088 1082 4152 in
1125 4089 1513 4154 itinerarium
1558 4090 1747 4173 regis,
1799 4091 1907 4172 qui
1937 4097 2067 4155 tum
2096 4092 2511 4176 Argentinam
2556 4093 2905 4178 proficisce-

671 4193 870 4276 batur,
919 4195 1113 4261 inseri
1157 4202 1382 4279 potest.

853 4420 895 4485 ι)
932 4432 1042 4475 non
1081 4434 1332 4489 „semper
1366 4420 1721 4491 augustum“.'
