3209 5434
1294 508 1400 595 ‘75

242 692 461 755 nostro
510 686 803 755 ccnrado
848 686 1161 757 advocato
1218 688 1301 757 de
1346 688 1784 757 Swarcinberc
1831 689 2152 773 quoddam
2197 689 2486 775 predium

244 813 361 879 pro
396 792 683 860 ducentis
712 794 943 861 marcis
976 797 1382 881 comparavit,
1416 796 1715 864 videlicet
1743 792 2012 865 Rflnstal
2042 817 2183 863 cum
2213 796 2486 862 ecclesia

241 900 628 985 parrochiali
672 901 738 967 in
784 903 1375 985 Herzogenwilaere
1422 909 1484 967 et
1526 904 1670 969 aliis
1708 903 2095 987 quibusdam
2136 903 2488 989 possessio-

242 1007 429 1073 nibus
497 1008 565 1072 in
618 1007 844 1074 eodem
897 1009 1039 1075 vico
1112 1014 1174 1073 et
1237 1009 1329 1074 in.
1360 1007 1656 1099 Riethain
1722 1015 1784 1075 et
1848 1011 1914 1075 in
1967 984 2245 1079 flbirach
2305 1015 2367 1075 et
2420 1009 2486 1075 in

242 1114 621 1179 Durreheim
682 1136 824 1182 cum
880 1116 1168 1181 omnibus
1228 1115 1612 1201 appenditiis
1671 1117 1802 1182 suis
1817 1167 1834 1200 ,
1905 1115 2201 1183 videlicet
2263 1115 2484 1202 pratiS,

242 1221 536 1306 pascuis,
598 1222 781 1287 terris
827 1222 1010 1287 cultis
1058 1228 1121 1286 et
1163 1222 1446 1306 incultiS,
1494 1224 1882 1306 nemoribuS,
1932 1224 2112 1307 aquis
2159 1242 2487 1307 aquarum-

246 1317 393 1410 quev
426 1327 793 1394 decursibus
850 1335 913 1394 et
979 1349 1121 1395 cum
1174 1328 1537 1394 molendino
1596 1330 1874 1413 quodam
1941 1329 2007 1396 in
2061 1324 2344 1415 Vilingin
2409 1350 2487 1397 ac

248 1455 392 1500 cum
436 1424 793 1500 hominibus
840 1436 1163 1518 utriusque
1194 1456 1384 1503 sexus
1427 1442 1662 1502 etcum
1693 1437 1980 1503 omnibus
2027 1436 2314 1521 denique,
2363 1457 2488 1521 que

248 1542 534 1628 predicto
580 1541 801 1627 predio
850 1541 1258 1609 dinoscuntur
1302 1544 1584 1610 attinere.
1664 1544 1750 1609 Ut
1795 1549 2000 1609 autem
2047 1544 2215 1609 istud
2253 1543 2487 1609 factum

248 1648 475 1734 majori
520 1649 812 1714 firmitate
859 1649 1194 1716 subnixum
1240 1652 1338 1733 sit,
1394 1651 1511 1733 hec
1557 1651 1789 1734 emptio
1835 1657 1899 1716 et
1940 1649 2219 1725 venditio
2257 1634 2328 1717 'et
2368 1670 2485 1735 pro

247 1762 429 1842 parte
473 1776 603 1821 non
633 1756 887 1822 modica
933 1745 1418 1823 elemosinarum
1461 1778 1577 1843 pro
1625 1758 1837 1823 anima
1869 1778 1986 1823 sua
2032 1765 2094 1823 et
2135 1758 2488 1844 parentium

249 1882 504 1928 suorum
550 1883 665 1947 pro
698 1864 1026 1929 animabus
1070 1865 1321 1949 largitio
1370 1885 1584 1931 coram
1613 1866 1796 1931 nobis
1841 1865 2012 1930 facta
2056 1871 2168 1931 est.
2237 1864 2321 1929 Et
2347 1864 2488 1949 ipse

247 1967 597 2035 advocatus
668 1970 748 2036 de
808 1969 1243 2038 Swarzinberc
1300 1972 1439 2057 jam
1507 1971 1740 2037 dictum
1809 1972 2095 2057 predium
2162 1993 2203 2038 a
2259 1989 2330 2036 se
2393 1970 2488 2036 sic

248 2083 525 2162 emptum
573 2083 635 2143 et
679 2098 759 2143 ex
802 2085 1011 2164 parte,
1076 2085 1144 2143 ut
1190 2078 1423 2144 dictum
1470 2084 1594 2162 est,
1643 2099 1760 2163 pro
1805 2079 2151 2144 elemosina
2192 2078 2488 2143 collatum

245 2190 708 2269 prememorato
753 2184 826 2249 E.
877 2185 1089 2251 abbati
1135 2186 1216 2251 de
1262 2186 1477 2251 Salem
1524 2190 1586 2251 et
1631 2204 1742 2267 sue
1788 2186 2052 2267 ecclesie
2095 2205 2210 2271 per
2261 2202 2486 2256 manus

245 2296 501 2358 nostras
546 2291 806 2356 tradidit
850 2298 913 2357 et
958 2292 1325 2376 assignavit.
1396 2294 1581 2357 Hanc
1628 2312 1778 2376 ergo
1827 2292 2205 2377 emptionem
2250 2295 2312 2357 et
2338 2310 2488 2355 ven-

248 2398 580 2481 ditionem,
646 2417 767 2481 que
821 2398 985 2463 inter
1030 2398 1170 2484 jam
1216 2398 1419 2465 dictos
1475 2399 1696 2465 fideles
1743 2405 1993 2465 nostros
2049 2419 2261 2464 coram
2302 2396 2488 2463 nobis

238 2504 417 2589 Juste
460 2504 631 2571 facta
676 2511 789 2589 est,
846 2506 1271 2591 approbamus
1319 2513 1381 2571 et
1422 2506 1734 2592 prefatum
1777 2505 2066 2591 predium
2108 2505 2234 2589 ipsi
2278 2503 2491 2569 abbati

251 2620 319 2679 et
362 2613 625 2696 ecclesie
657 2632 767 2695 sue
810 2612 878 2678 in
910 2612 1120 2679 Salem
1150 2619 1369 2679 nostra
1412 2614 1591 2697 regia
1620 2613 1989 2679 auctoritate
2027 2611 2484 2678 confirmamus.

427 2749 662 2814 Datum
708 2746 881 2831 apud
920 2747 1353 2831 Argentinam,
1401 2748 1559 2813 VIII
1600 2747 1745 2813 idus
1785 2739 2128 2830 Februarii,
2183 2764 2350 2811 anno
2395 2744 2488 2813 in·

249 2855 635 2955 carnationis
684 2853 997 2919 dominice
1040 2854 1355 2938 MOCVII,
1404 2854 1750 2920 indictione
1791 2854 1908 2919 XI.

428 2990 655 3054 Testes
712 2994 858 3053 sunt
900 2988 1220 3053 Amadeus
1278 2988 1796 3073 archiepiscopus
1840 2987 2208 3053 Bisuntinus
2221 3036 2239 3069 ,
2295 2986 2488 3069 Eggi-

246 3098 461 3161 bertus
491 3094 1037 3177 Babenbergensis
1070 3095 1427 3180 episcopus,
1478 3094 1849 3161 Ghbnradus
1881 3094 2200 3180 Spirensis
2247 3093 2488 3177 episco-

246 3223 389 3288 ρας,
439 3202 768 3268 Liutoldus
799 3201 1173 3267 Basiliensis
1223 3202 1578 3286 episcopUS,
1631 3200 1777 3277 Otto
1825 3201 1954 3266 dux
1983 3200 2283 3282 Meranie‚
2332 3200 2488 3264 Bur-

252 3309 482 3375 cardus
550 3317 613 3375 et
672 3309 967 3374 Albertus
1022 3308 1248 3374 fratres
1307 3314 1369 3374 et
1424 3309 1686 3374 comites
1754 3306 1836 3373 de
1890 3308 2088 3391 Zolri,
2161 3305 2488 3373 conradus

250 3436 467 3483 comes
521 3416 601 3482 de
645 3416 816 3482 Zolri
830 3467 847 3500 ,
913 3390 1161 3485 [⁰Jlricus
1220 3434 1431 3481 comes
1485 3414 1567 3481 de
1610 3415 2068 3500 Helphenstein
2078 3464 2095 3497 ,
2154 3413 2488 3479 Heinricus

252 3544 467 3591 comes
514 3522 596 3589 de
640 3522 840 3607 Nifin,
900 3522 1292 3599 Bertholdus·
1330 3542 1542 3591 comes
1588 3521 1671 3589 de
1716 3522 1949 3591 Sancto
1977 3515 2239 3605 Monte,
2297 3520 2490 3585 Eber-

248 3630 491 3696 hardus
538 3630 619 3695 de
647 3630 982 3714 Ebirstein,
1030 3630 1366 3696 Heinricus
1401 3629 1648 3715 dapifer
1679 3628 1758 3695 de
1786 3629 2106 3715 Walpurc,
2155 3626 2488 3693 Heinricus

248 3737 335 3803 de
379 3734 789 3823 Smaluneggi
835 3743 897 3804 et
940 3738 1051 3804 alii
1094 3757 1284 3823 quam
1328 3739 1560 3823 plures.

344 3912 414 3960 Ex
440 3913 560 3960 libro
599 3914 799 3975 copiario
832 3912 1109 3961 salemitano
1150 3914 1201 3959 in
1232 3912 1433 3960 archivio
1466 3912 1782 3960 Garlnmheml
1821 3912 2052 3960 asservato
2083 3911 2120 3969 1,
2140 3912 2218 3959 96.
2255 3932 2304 3941 —
2339 3908 2490 3959 Inedi-

437 3994 550 4042 tum.
598 3993 809 4051 Homer,
839 3993 951 4055 Reg.
972 3993 1174 4059 Philippi
1194 3993 1301 4039 115.
