3209 5434
1797 514 1888 579 90

715 673 1016 739 honorem
1048 692 1283 758 sueque
1311 673 1597 739 utilitatis
1629 671 2136 739 commoditatem
2168 672 2368 739 libera
2401 676 2716 759 potestate
2749 669 2964 756 dispo-

714 785 884 845 nant.
956 780 1038 847 Et
1092 786 1163 845 ut
1205 780 1321 863 hec
1366 780 1756 846 confirmatio
1812 780 2046 845 nostris
2105 768 2167 861 et
2211 780 2530 865 perpetuis
2575 778 2963 863 temporibus

714 886 1087 951 inconvulsa
1129 892 1513 971 permaneat,
1564 887 1688 953 hoc
1724 892 2086 971 preceptum
2115 885 2266 953 inde
2297 886 2720 971 conscriptum
2767 885 2964 968 sigilli

714 994 914 1059 nostri
959 993 1353 1077 inpressione
1399 994 1654 1079 signare
1701 993 2010 1078 jussimus
2067 1014 2382 1076 manuque
2437 992 2695 1079 propria
2739 992 2960 1057 subtus

716 1099 1238 1166 confirmavimus.

1036 1242 1300 1325 Signum
1345 1241 1561 1307 domni
1592 1241 1848 1309 Ottonis'
1873 1236 1994 1326 (M)
2023 1240 2466 1325 gloriosissimi
2504 1241 2692 1325 regis.
2741 1235 2838 1322 (L.
2861 1234 2962 1323 S.)

1036 1348 1438 1415 Hildibaldus
1498 1350 1836 1435 episcopus
1895 1354 1958 1414 et
2013 1348 2429 1414 cancellarius
2475 1348 2614 1414 vice
2659 1345 2960 1431 willigisi

1133 1456 1603 1541 archiepiscopi
1647 1456 2006 1540 recognovi.
2065 1531 2072 1539 ,

713 1595 884 1661 Data
949 1597 1016 1663 II
1080 1597 1393 1664 kalendas
1460 1600 1501 1665 J
1504 1597 1747 1663 anuarii
1757 1647 1774 1681 ,
1847 1617 2015 1662 anno
2084 1596 2439 1663 dominicae
2505 1595 2959 1662 incarnationis

713 1703 1219 1789 DCCCGXGIII,
1268 1705 1611 1772 indictione
1633 1706 1741 1789 VI,
1777 1725 1944 1770 anno
1976 1710 2185 1770 autem
2215 1705 2383 1817 tertii
2413 1703 2661 1771 Ottonis
2691 1724 2959 1787 regnan·
3131 1694 3133 1835 ἱ

714 1808 796 1875 tis
840 1810 922 1875 X.
993 1810 1221 1877 Actum
1264 1812 1504 1879 Palide.
1574 1812 1868 1880 Feliciter
1912 1832 2116 1877 amen.

807 1957 875 2006 Ex
908 1960 1195 2031 ffitographo
1234 1963 1283 2009 in
1323 1962 1547 2010 tabulario
1590 1961 1856 2009 Monacensi
1897 1961 2146 2009 asservato.
2204 1958 2356 2019 sigilli
2397 1959 2659 2021 inscriptioz
2709 1965 2752 2007 ÷
2805 1956 2957 2006 ΟΤΤΟ

900 2040 964 2086 DI
986 2040 1206 2088 GRATIA
1226 2041 1359 2089 REX.
1406 2041 1529 2089 Edit.
1560 2042 1683 2089 Mon.
1707 2042 1848 2089 Boica
1866 2040 2089 2099 xxvm·,
2112 2041 2220 2088 258.
2259 2063 2308 2073 —
2345 2038 2557 2097 Bobmer,
2587 2039 2700 2099 Reg-
2720 2039 2832 2099 imp.
2853 2038 2959 2085 728.

900 2119 1085 2181 Stumpf
1114 2122 1218 2169 980.
1611 2126 1623 2130 “

624 2408 679 2473 4¹
720 2410 842 2482 65.
932 2406 1098 2482 Otto
1188 2407 1303 2484 ΠΙ.
1411 2408 1810 2508 imperator
1917 2406 2272 2483 ecclesiae
2361 2405 2954 2503 wirciburgensi,

212 2606 263 2684 f
382 2597 457 2660 ²2³ss
482 2558 745 2657 *mma
933 2531 1283 2633 episcopo
1322 2532 1694 2624 HeinricO,
1737 2531 2260 2608 immunitatem
2304 2532 2703 2609 confirmat.
2781 2535 2952 2623 996,

210 2631 401 2721 stu
431 2660 455 2739 Ξ
930 2656 1129 2757 Sept.
1179 2663 1297 2733 15.
1372 2657 1872 2755 Ingilenhcim.
2521 2662 2532 2671 '

896 2816 964 2882 G.
1035 2817 1112 2881 In
1157 2818 1411 2885 nomine
1456 2825 1716 2883 sanctae
1771 2823 1836 2883 et
1878 2814 2246 2884 individuae
2288 2816 2602 2883 trinitatis.
2674 2816 2822 2884 Otto
2865 2816 2953 2882 di·

715 2922 867 2989 vina
910 2922 1163 2991 favente
1208 2925 1541 2991 clementia
1570 2927 1996 2993 Romanorum
2037 2925 2382 3010 imperator.
2423 2930 2744 3009 augustus.
2815 2923 2954 2990 Cre-

717 3031 924 3096 dimus
971 3037 1032 3096 et
1076 3052 1225 3098 vere
1256 3032 1489 3098 scimus
1523 3032 1714 3098 laude
1744 3052 1872 3098 non
1905 3033 2108 3098 solum
2137 3032 2429 3115 humana,
2479 3052 2698 3098 verum
2743 3030 2954 3096 divina

714 3138 1007 3205 mercede
1052 3139 1593 3221 remunerandum,
1645 3140 1701 3204 si
1744 3140 1775 3219 ΙΙ
1815 3145 2070 3205 nostrae
2113 3139 2504 3205 celsitudinis
2551 3158 2736 3203 aures
2781 3137 2952 3203 fami-

713 3246 961 3311 liarium
1018 3252 1371 3311 nostrorum
1387 3296 1404 3329 ,
1476 3247 1848 3330 praesertim
1907 3246 2031 3312 Dei
2086 3246 2484 3312 sacerdotum
2517 3237 2985 3330 -Lprecibusffl-

715 3351 935 3417 faciles
982 3351 1357 3435 praebemus
1404 3354 1727 3437 petitaque
1773 3374 1986 3420 eorum
2031 3352 2305 3418 maxime
2350 3374 2464 3437 pro
2511 3354 2698 3419 rebus
2745 3351 2950 3416 divino

719 3458 911 3522 cultui
940 3458 1316 3542 mancipatis
1338 3422 1883 3557 etfr‘n'ancipandis
1915 3461 2177 3545 implere
2207 3459 2547 3526 studemus.
2617 3458 2780 3525 Nam
2810 3456 2952 3521 inde

715 3563 1029 3631 credimus
1088 3571 1150 3630 et
1206 3567 1616 3651 temporalem
1670 3568 1852 3651 regni
1909 3567 2108 3634 nostri
2167 3567 2649 3651 prosperitatem
2693 3563 2950 3630 stabiliri

715 3678 1134 3755 aeternaeque
1178 3674 1349 3740 vitae
1393 3675 1577 3741 nobis
1614 3674 1877 3760 januam
1923 3675 2173 3759 aperiri.
2187 3673 2639 3789 Quapropter
2683 3672 2951 3737 omnium

713 3778 993 3844 fidelium
1038 3786 1393 3845 nostrorum
1449 3782 1876 3865 praesentium
1934 3780 2178 3847 scilicet
2214 3754 2315 3868 φ(
2348 3780 2694 3846 futurorum
2747 3784 2954 3863 pateat

713 3886 1005 3967 noticiae,
1055 3886 1227 3969 quod
1256 3887 1605 3953 Heinricus
1654 3894 2101 3954 sacrosanctae
2145 3887 2675 3971 wirciburgensis
2721 3886 2951 3952 aeccle-

716 3992 851 4060 siae
895 3994 1178 4079 praesul,
1230 3994 1507 4060 moribus
1554 4000 1617 4059 et
1661 3994 1792 4059 vita
1837 3994 2316 4079 probatissimus
2361 3994 2670 4078 nobisque
2716 3994 2795 4059 ob
2842 4012 2954 4058 sua

714 4102 938 4168 merita
998 4102 1393 4186 carissimus,
1466 4100 1775 4186 quasdam
1845 4102 2118 4167 cartulas
2185 4102 2418 4167 nostris
2474 4094 2760 4186 optulit²)
2811 4120 2950 4171 con-

716 4210 1054 4293 spectibus,
1102 4209 1170 4274 in
1218 4210 1443 4292 quibus
1490 4208 1942 4292 continebatur,
1993 4207 2162 4292 quod
2192 4208 2634 4292 gloriosissimi
2677 4214 2953 4275 anteces-

899 4436 941 4497 ι)
982 4434 1243 4487 omissum
1283 4432 1339 4485 in
1376 4436 1489 4485 aut.
1633 4432 1676 4499 ²)
1713 4431 1794 4485 sic
1828 4433 1884 4486 in
1921 4438 2034 4487 aut.
