3209 5434
1356 532 1439 597 73

272 690 399 760 51.
486 684 864 787 Philippus
916 690 1356 766 monasterio
1416 690 1816 767 Salemensi
1872 692 2295 769 concambia
2347 717 2512 769 cum

488 810 645 885 aliis
704 813 1035 919 ecclesiis
1091 818 1164 888 et
1215 815 1546 890 fidelibus
1605 820 1678 890 et
1729 816 2314 891 ministerialibus
2362 818 2510 892 suis

486 936 727 1011 facere
762 938 1132 1035 permittit,
1190 940 1622 1015 confirmans
1663 941 1732 1015 ei
1771 940 2012 1015 omnia
2062 939 2276 1033 bona,
2334 965 2508 1017 con-

489 1060 788 1135 cambiis
844 1085 972 1136 seu
1028 1062 1534 1139 donationibus
1592 1066 1965 1163 acquisita.
2037 1108 2140 1119 —
2201 1066 2342 1165 Ap.
2388 1066 2508 1141 Ul-

484 1208 693 1277 mam,
759 1191 959 1262 1200
1009 1186 1125 1283 (ἲ),
1182 1186 1384 1262 Mart.
1432 1193 1554 1264 29.

452 1342 784 1429 Philippus
816 1346 940 1411 Dei
968 1347 1174 1431 gratia
1202 1348 1628 1413 Romanorum
1657 1368 1770 1413 rex
1812 1354 1875 1413 et
1905 1367 2154 1433 semper
2186 1356 2507 1434 augustus.

268 1450 601 1516 Universis
669 1460 1028 1537 presentem
1082 1455 1385 1539 paginam
1448 1455 1828 1520 intuentibus
1887 1456 2156 1539 gratiam
2211 1477 2392 1523 suam
2451 1463 2512 1523 et

270 1577 458 1622 omne
512 1559 761 1624 bonum.
840 1561 1098 1645 Regalis
1154 1562 1525 1628 excellentie
1580 1562 1890 1627 immensa
1942 1562 2326 1646 benignitas,
2388 1565 2546 1646 que'

267 1664 537 1749 provido
600 1666 1178 1752 circumspectionis
1238 1670 1529 1735 examine
1584 1669 1836 1759 singula
1887 1670 2136 1735 metitur
2195 1676 2257 1735 et
2299 1668 2511 1735 mode-

268 1778 473 1855 ratur,
534 1772 622 1837 ad
666 1794 745 1839 ea
800 1776 1178 1859 propensius
1234 1776 1607 1859 exequenda
1663 1776 1922 1842 moveri·
1946 1774 2272 1841 consuevit
2316 1780 2377 1840 et
2421 1775 2510 1841 in-

270 1878 497 1944 elman
507 1929 524 1962 ,
584 1880 651 1945 in
698 1882 921 1965 quibus
973 1902 1168 1966 opera
1210 1884 1465 1967 pietatis
1514 1889 1576 1947 et
1618 1882 2049 1949 misericordie
2093 1882 2359 1948 feliciter
2401 1902 2512 1948 no-

164 2036 171 2041 .
268 1986 432 2051 verit
488 1986 839 2107 adimpleri.
919 1988 1061 2067 Qua
1106 1989 1186 2055 de
1232 2010 1301 2056 re
1359 2010 1499 2056 cum
1556 2009 1674 2054 nos
1721 1990 2144 2055 universalem
2187 1990 2510 2073 religionis

268 2066 753 2174 ecclesiastice
770 2096 1172 2161 eminentiam
1237 2103 1501 2181 paterno
1568 2113 1820 2181 semper
1884 2097 2102 2162 favore
2171 2102 2234 2161 et
2297 2114 2512 2161 amore

269 2202 624 2285 amplexari
680 2203 945 2268 velimus
1004 2208 1067 2269 et
1121 2202 1206 2268 ad
1253 2204 1484 2269 cultum
1530 2202 1810 2268 divinum
1865 2197 2290 2286 ferventiori²)
2347 2201 2510 2268 desi·

270 2307 498 2373 derio
481 2327 657 2392 ipsos
688 2309 1014 2414 religionis
1044 2309 1329 2376 homines
1360 2310 1806 2377 beneficiorum
1853 2311 2188 2376 collatione
2233 2309 2510 2375 crebrius

273 2414 654 2480 accendere.
713 2383 1219 2507 spe‘tialifiamen
1265 2418 1594 2483 Salensem
1614 2417 2002 2513 leodem,
2051 2416 2133 2483 de
2178 2416 2355 2502 cujus
2401 2417 2511 2482 ho-

270 2521 543 2587 minibus
573 2523 714 2588 Deo
760 2522 993 2588 ibidem
1028 2523 1265 2609 jugiter
1308 2524 1756 2591 famulantibus
1801 2525 1985 2589 nobis
2033 2530 2281 2590 constat
2326 2523 2512 2589 disci-

270 2628 449 2713 plina
494 2635 555 2694 et
598 2630 954 2713 honestate,
1014 2636 1228 2696 nostre
1272 2631 1584 2715 largitatis
1629 2651 1886 2697 munere
1933 2652 2182 2716 semper
2223 2631 2509 2696 volumus

270 2735 552 2820 gaudere
582 2741 644 2801 et
671 2736 1123 2802 incrementum
1166 2738 1474 2822 accipere.
1547 2702 1813 2828 Spefiali
1850 2738 2039 2822 igitur
2068 2738 2291 2823 gratie
2298 2743 2547 2820 nostre„

268 2850 678 2908 memoratam
698 2844 1044 2931 ecclesiam
1074 2844 1351 2929 gaudere
1380 2846 1663 2911 volentes
1704 2845 2056 2929 privilegiO,
2107 2844 2510 2911 concedimus

272 2956 337 3016 et
378 2949 775 3035 indulgemus
821 2951 947 3036 ipsi
993 2952 1287 3035 ecclesie,
1347 2958 1417 3016 ut
1469 2952 1527 3017 ei
1572 2952 1812 3018 licitum
1855 2953 1940 3018 sit
1982 2952 2193 3019 facere
2239 2971 2511 3018 commu-

270 3058 559 3159 tationes,
588 3058 723 3123 sive
770 3060 1140 3123 concambia
1185 3078 1327 3124 cum
1372 3059 1846 3143 quibuscunque
1891 3058 2034 3124 aliis
2035 3059 2349 3142 ‚ecclesiis
2395 3078 2512 3124 seu

273 3169 335 3229 et
362 3162 736 3249 hominibus,
774 3166 909 3231 sive
940 3165 1230 3231 fidelibus
1262 3166 1398 3231 sive
1427 3166 1941 3232 ministerialibus
1972 3166 2107 3232 sive
2137 3185 2510 3250 quocunque

261 3271 406 3356 jure
435 3272 617 3337 nobis
650 3272 1070 3355 attinentibus,
1120 3272 1561 3338 confirmantes
1590 3272 1716 3357 ipsi
1747 3274 2011 3355 ecclesie
2044 3264 2256 3338 omnia
2283 3272 2510 3359 predia

272 3378 406 3444 sive
450 3380 909 3463 possessiones,
960 3398 1089 3462 que
1124 3380 1216 3445 ita
1258 3399 1373 3465 per
1420 3380 1855 3445 concambium
1891 3379 1976 3444 ad
1989 3379 2212 3485 (ipsius
2241 3378 2548 3462 ecclesie*

275 3485 619 3551 dominium
663 3486 895 3552 fuerint
929 3486 1237 3551 devolute.
1311 3488 1470 3552 Item
1516 3486 1919 3552 concedimus
1967 3470 2154 3576 etiam
2200 3493 2263 3551 et
2306 3486 2510 3552 indul-

271 3612 509 3677 gemus,
558 3599 628 3658 ut
672 3593 1028 3676 quicunque
1071 3593 1350 3659 fidelium
1381 3613 1494 3659 seu
1522 3593 2025 3659 ministerialium
2055 3594 2190 3659 sive
2220 3613 2508 3677 quorum·

272 3720 515 3783 cunque
543 3699 866 3765 hominum
906 3706 1263 3766 nostrorum
1307 3720 1424 3785 pro
1456 3700 1660 3765 salute
1691 3702 1895 3781 anime
1910 3719 2051 3781 ,sue
2066 3700 2507 3785 possessiones

271 3807 405 3872 sive
462 3827 832 3890 quecunque
891 3808 1061 3873 bona
1116 3828 1233 3873 sua
1277 3807 1612 3873 Salenensi
1656 3806 1932 3889 ecclesi-e,
1967 3806 2251 3874 conferre
2295 3806 2508 3874 decre-

268 3914 456 3996 verit,
519 3920 587 3979 ut
646 3935 723 3980 ea
780 3915 947 3980 bona
1000 3936 1115 3999 per
1172 3921 1455 3992 nostrum
1510 3914 1792 3981 favorem
1849 3920 1914 3980 et
1967 3935 2300 3981 assensum
2353 3935 2508 3999 sepe

270 4019 756 4105 dicte-ecclesi&
800 4042 915 4107 per
958 4027 1170 4103 nostre
1216 4021 1708 4088 confirmationis
1763 4022 2047 4105 vigorem
2097 4028 2403 4106 perpetua
2445 4026 2509 4087 et

270 4127 608 4194 stabilitate
653 4134 717 4193 et
760 4128 968 4212 quiete
1011 4134 1424 4215 permaneant
1434 4178 1453 4213 ,
1501 4129 1678 4212 regio
1725 4127 2008 4194 districto
2054 4133 2398 4193 statuentes
2445 4132 2509 4194 et

270 4235 709 4320 precipientes,
758 4256 839 4302 ne
882 4236 996 4301 ulli
1041 4235 1122 4301 de
1158 4242 1365 4301 cetero
1410 4254 1688 4321 persone
1713 4233 2139 4317 ecclesiastice
2183 4235 2287 4300 vel
2331 4254 2508 4301 secu-

447 4444 489 4509 1)
522 4441 811 4499 feventiori
847 4442 982 4500 Cod.
