3209 5434
2730 77 2907 102 .....

1768 542 1894 607 122

708 700 1004 767 Cbnrado
1036 702 1461 765 Romanorum
1510 721 1660 783 rege
1696 701 1779 782 II,
1829 720 1996 765 anno
2041 720 2193 766 vero
2237 699 2418 783 regni
2449 698 2584 783 ejus
2617 698 2768 781 IIII,
2812 697 2945 763 ΙΠῙ

708 809 851 874 idus
896 807 1156 891 Aprilis.
1233 808 1403 871 Data
1445 807 1810 890 Argentine.
1884 809 1959 872 In
2006 806 2255 872 Christo
2299 805 2565 871 feliciter
2609 824 2806 869 amen.

800 946 869 993 Ex
901 944 1181 1005 autographo
1214 946 1261 992 in
1294 946 1495 993 archivio
1529 947 1847 994 carlsruhcnsi
1879 948 2128 993 asservato.
2174 944 2426 991 Edidcrunt
2455 945 2671 1002 Neugart,
2701 943 2812 991 God.
2831 942 2944 1003 dipl.

896 1026 1191 1071 Alamanniae
1222 1026 1279 1081 ΙΙ,
1313 1028 1369 1072 71
1407 1042 1461 1073 ex
1493 1028 1654 1073 eodem
1687 1028 1780 1073 aut.
1840 1026 2084 1080 Trouillat,
2126 1025 2250 1071 Mon.
2283 1025 2340 1070 do
2371 1024 2482 1071 Balc
2513 1024 2549 1080 1,
2585 1025 2674 1070 282
2703 1037 2760 1069 ex
2789 1022 2944 1069 codice

894 1105 1005 1164 dipl.
1026 1106 1166 1151 Basil.
1187 1107 1265 1165 qui
1287 1106 1517 1153 Brundi-ut
1550 1108 1636 1153 est.
1683 1106 1914 1163 Herrgott,
1948 1106 2132 1152 Geneal.
2155 1104 2408 1162 Habsburg.
2430 1104 2487 1160 11,
2511 1104 2602 1149 165
2641 1117 2718 1159 ,ex
2750 1100 2944 1149 archivis

897 1184 946 1230 S.
967 1185 1180 1231 Blasiano
1215 1187 1261 1231 et
1291 1184 1590 1232 Basilecnsi“.
1630 1208 1678 1217 —
1715 1184 1926 1242 Bbhmer,
1959 1184 2071 1242 seg.
2092 1185 2201 1243 imp.
2224 1185 2361 1230 2211.
2407 1182 2594 1242 Stumpf
2620 1182 2755 1229 3425.

710 1450 834 1521 80.
922 1444 1310 1521 Heinricus
1338 1444 1455 1522 IV.
1487 1468 1621 1519 rex
1646 1442 2236 1534 WormatienseS,
2259 1423 2565 1542 propter
2589 1440 2946 1537 insignem

918 1569 1338 1644 fidelitatem
1420 1569 1898 1661 collaudatOS,
1982 1592 2026 1643 a
2091 1566 2438 1642 solvendo
2505 1566 2794 1641 teloneo
2863 1565 2945 1638 in

924 1717 1053 1768 sax
1088 1694 1270 1770 locis
1306 1694 1553 1789 regiae
1589 1693 1933 1793 potestati
1961 1691 2341 1788 assignatis
2383 1691 2653 1765 eximit.
2717 1694 2942 1780 1074,

917 1818 963 1892 J
966 1841 1079 1894 an.
1131 1823 1249 1895 18.
1323 1818 1743 1896 Wormatie.

886 1976 953 2043 G.
1028 1979 1103 2042 In
1147 1978 1399 2043 nomine
1446 1968 1706 2043 sanctae
1742 1982 1804 2042 et
1831 1973 2196 2041 individuae
2226 1972 2539 2039 trinitatis.
2609 1971 2942 2038 Heinricus

705 2082 925 2150 divina
968 2084 1220 2150 favente
1266 2085 1599 2151 clementia
1643 2104 1757 2149 rex
1797 2078 1843 2161 ΙΙ.
1915 2082 2154 2167 Regiae
2200 2080 2529 2166 potestatis
2575 2085 2671 2145 est
2709 2084 2772 2143 et
2815 2078 2941 2162 pie-

704 2191 852 2255 tatis
901 2192 1176 2257 omnium
1208 2192 1491 2258 servituti
1522 2190 1816 2275 congruis
1848 2190 2234 2273 respondere
2263 2187 2604 2269 beneficiis,
2651 2185 2945 2251 videlicet

705 2303 790 2379 ut,
840 2298 946 2380 qui
992 2298 1057 2361 in
1105 2299 1342 2363 servitii
1392 2298 1726 2364 devotione
1773 2318 1844 2363 se
1890 2296 2188 2362 exhibent
2230 2294 2667 2380 promptiores,
2715 2294 2782 2358 in
2817 2312 2941 2357 ser·

705 2403 842 2468 vitii
898 2404 1087 2468 etiam
1134 2405 1634 2469 remuneratione
1691 2424 1762 2469 se
1809 2402 2086 2489 judicari
2146 2402 2464 2484 digniores
2522 2400 2841 2483 gaudeant
2881 2404 2943 2463 et

706 2510 1119 2576 sublimiores.
1193 2512 1365 2576 Inter
1396 2530 1555 2593 quos
1587 2511 2069 2576 Wormatiensis
2102 2497 2372 2575 civitatis
2404 2507 2786 2575 habitatores
2815 2526 2940 2571 non

703 2616 989 2700 minima,
1042 2617 1157 2682 sed
1201 2618 1480 2682 maxima
1526 2624 1588 2682 et
1636 2617 1902 2701 speciali
1945 2615 2445 2681 remuneratione
2492 2613 2740 2697 dignos,
2791 2612 2938 2695 quin

706 2723 992 2787 omnibus
1042 2724 1369 2808 cujuslibet
1414 2724 1585 2789 urbis
1636 2724 1876 2789 civibus
1923 2723 2243 2806 digniores
2279 2721 2732 2806 judicavimuS,
2783 2738 2937 2803 quos

704 2828 773 2892 in
827 2829 1105 2894 maxima
1160 2830 1339 2913 regni
1397 2832 1814 2896 commotione
1867 2831 2148 2895 maxima
2207 2836 2270 2895 et
2325 2828 2589 2912 speciali
2644 2826 2938 2891 fidelitate

704 2934 887 2999 nobis
946 2936 1319 3002 adhaesisse
1366 2938 1803 3020 cognovimus,
1862 2957 2004 3001 cum
2049 2957 2166 3002 nec
2213 2936 2361 3001 viva
2404 2954 2522 3000 nec
2566 2932 2787 2998 litteris
2827 2951 2936 2997 no·

703 3045 867 3125 tata,
931 3063 1049 3108 nec
1107 3063 1223 3126 per
1281 3063 1399 3109 nos
1461 3064 1578 3109 nec
1636 3064 1751 3129 per
1804 3044 2129 3127 nuncium,
2192 3044 2295 3107 vel
2340 3042 2554 3123 aliqua
2597 3060 2755 3105 voce
2795 3039 2934 3104 illos

702 3150 768 3214 in
800 3149 967 3214 hanc
1011 3156 1141 3214 tam
1170 3151 1502 3234 ,egregiam
1546 3150 1915 3215 fidelitatem
1946 3149 2403 3215 attraxerimus,
2477 3148 2682 3226 Quam
2711 3146 2934 3211 iccirco

701 3262 832 3321 tam
878 3257 1197 3339 egregiam
1236 3256 1527 3339 diximUS,
1581 3257 1747 3340 quia,
1797 3256 2038 3322 cunctis
2069 3256 2249 3339 regni
2280 3255 2669 3339 principibus
2714 3253 2781 3318 in
2821 3270 2933 3317 nos

704 3363 995 3444 neglecta
1038 3361 1188 3426 fidei
1240 3364 1543 3445 religione
1590 3364 2002 3445 sevientibus,
2062 3362 2129 3427 hi
2175 3363 2294 3427 soli
2342 3362 2524 3445 quasi
2569 3362 2637 3425 in
2681 3364 2932 3425 mortem

702 3473 953 3532 ruentes
1022 3474 1243 3533 contra
1309 3470 1583 3535 omnium
1646 3472 2032 3535 voluntatem
2086 3470 2267 3534 nobis
2324 3468 2694 3533 adhaesere.
2777 3466 2933 3531 Nam

706 3594 849 3641 cum
895 3574 1183 3657 singulae
1228 3576 1512 3641 civitates
1560 3577 1744 3659 quasi
1788 3576 1977 3642 immo
2018 3595 2164 3656 vere
2194 3577 2260 3640 in
2291 3580 2574 3640 nostrum
2605 3572 2932 3638 adventum

704 3680 1159 3765 clauderentur,
1211 3681 1359 3746 dum
1404 3684 1665 3767 vigilum
1710 3683 2037 3747 custodiae
2080 3703 2194 3767 per
2222 3683 2395 3747 vices
2413 3676 2460 3765 ¹)
2500 3678 2930 3745 distribueren-

701 3794 817 3870 tur,
870 3787 1041 3879 dum‘
1065 3808 1277 3853 cerere
1322 3795 1384 3853 et
1426 3789 1591 3855 ferro
1638 3790 1940 3855 tutandae
1985 3794 2169 3854 nocte
2212 3794 2274 3854 et
2303 3787 2412 3859 die,
2437 3786 2926 3852 circumirentur:

702 3894 843 3959 sola
881 3894 1230 3959 Wormatia
1283 3896 1597 3961 communi
1644 3892 1872 3963 civium
1915 3896 2132 3962 favore
2179 3896 2581 3977 omnigenum
2629 3911 2931 3958 armorum

700 4000 1046 4065 munitione
1089 4007 1305 4066 nostro
1353 4001 1651 4068 adventui
1697 4004 2079 4068 servabatur.
2152 4003 2292 4068 Sint
2335 4002 2524 4084 igitur
2559 4000 2806 4066 ‚servitii
2843 4018 2929 4063 re-

700 4108 1131 4173 muneratione
1186 4109 1399 4193 primi,
1461 4110 1569 4192 qui
1626 4110 1692 4173 in
1739 4110 1976 4175 servitii
2022 4108 2354 4174 devotione
2399 4107 2772 4173 exstiterunt
2811 4124 2930 4170 non

702 4214 1061 4298 novissimi3
1110 4215 1236 4281 sint
1266 4216 1555 4281 omnibus
1588 4216 1878 4301 exemplo
1908 4216 1976 4280 in
2007 4214 2218 4281 debita
2242 4215 2482 4281 servitii
2503 4214 2922 4299 responsione,

881 4440 923 4509 ¹)
961 4438 1041 4495 sic
1076 4438 1132 4524 in
1170 4440 1283 4495 aut.
1323 4438 1534 4493 Forsan
1568 4438 1860 4509 legendum
1899 4444 1986 4495 est
2025 4456 2155 4515 „per
2191 4440 2398 4497 vicos“.
