3209 5434
31 256 39 279 ⁷'
31 216 53 243 ’Ἢ
31 188 57 207 :5
31 166 41 179 *¹
31 144 47 155 n
30 23 93 129 ‘'g-’'r''

130 86 137 95 ,

1735 520 1861 585 136

674 681 984 747 Wernher
1030 682 1111 747 de
1156 682 1432 747 Bonlant
1485 686 1547 746 et
1590 680 1757 759 filius
1805 678 1940 764 ejus
1987 676 2359 761 Phylippus‚
2407 673 2596 740 Dudo
2643 694 2914 739 camera-

672 789 803 855 rius
848 789 1254 872 Moguntinus
1270 838 1287 871 ‚
1352 786 1649 872 Luppold
1699 793 1912 853 custos
1957 783 2468 865 wormatiensis,
2528 780 2916 855 Ebirhardus

673 901 1021 981 precentor,
1072 894 1477 960 Burchardus
1508 888 1942 959 vicedominus
1975 890 2456 956 Wormatiensis
2499 894 2561 953 et
2593 888 2701 953 alii
2731 907 2916 970 quam

671 1003 905 1087 plures.

994 1109 1259 1192 Signum
1304 1106 1540 1171 domini
1573 1103 1882 1170 Friderici
1913 1104 2340 1169 Romanorum
2383 1102 2779 1187 imperatoris
2826 1101 2914 1167 in-

1098 1214 1427 1280 victissimi
1472 1207 1612 1296 (M).

994 1322 1133 1405 Ego
1165 1320 1529 1386 Gotefridus
1575 1318 1920 1404 imperialis
1967 1317 2110 1398 aule
2142 1315 2556 1382 cancellarius
2589 1317 2728 1383 vice
2755 1310 2914 1382 Giin-

1099 1427 1239 1493 radi
1294 1428 1662 1511 Moguntine
1717 1425 1888 1491 sedis
1947 1423 2411 1507 archiepiscopi
2465 1429 2528 1490 et
2585 1423 2916 1504 Germanic

1099 1534 1644 1600 archicancellarii
1688 1532 2047 1617 recognovi.

672 1657 837 1723 Acta
880 1663 1026 1722 sunt
1070 1657 1187 1724 hec
1234 1678 1401 1723 anno
1434 1658 1744 1737 dominice
1777 1656 2230 1721 incarnationis
2261 1654 2776 1738 MCLXXXIIII,
2823 1656 2913 1721 in-

674 1763 950 1829 dictione
996 1766 1071 1847 V,
1132 1771 1436 1848 regnante
1492 1763 1748 1829 domino
1805 1763 2129 1828 Friderico
2175 1764 2600 1828 Romanorum
2653 1763 2912 1846 impera-

672 1875 808 1935 tore
854 1870 1313 1953 gloriosissimo
1361 1891 1527 1937 anno
1575 1871 1756 1954 regni
1795 1870 1932 1955 ejus
1964 1870 2276 1953 XXXIII,
2325 1870 2572 1954 imperii
2601 1889 2748 1935 vero
2779 1869 2912 1953 ejus

673 1977 918 2042 XXXI.
990 1978 1225 2043 Datum
1270 1978 1440 2063 apud
1486 1978 1806 2044 civitatem
1835 1978 2363 2061 Argentinensem
2408 1977 2508 2041 III
2552 1976 2770 2042 Nonas
2809 1977 2913 2043 Ja-

674 2085 895 2150 nuarii.
968 2086 1263 2151 Feliciter
1308 2106 1509 2151 amen.

766 2233 834 2280 Ex
865 2234 1146 2294 autographo
1188 2236 1250 2290 in,
1276 2234 1503 2281 tabulario
1544 2233 1745 2280 civitatis
1775 2232 2122 2279 wormatiensis
2164 2234 2411 2279 asservato.
2458 2233 2704 2293 Appendet
2742 2247 2797 2280 ex
2824 2233 2916 2280 filis

862 2314 1024 2359 sericis
1054 2314 1168 2360 fulvi
1201 2315 1366 2360 coloris
1398 2312 1523 2360 bulla.
1554 2327 1716 2369 aurea,
1757 2314 1977 2373 inscripta.
2018 2328 2073 2358 ex
2111 2326 2204 2384 ung.
2242 2315 2371 2371 parte
2402 2314 2598 2370 imagine
2630 2314 2916 2373 imperatoris

865 2394 913 2437 et
943 2393 1094 2438 verbis
1132 2401 1172 2440 -1-
1206 2392 1526 2439 FREDERIG'
1548 2392 1650 2438 DEI
1676 2387 1839 2438 GR‘A
1864 2390 2196 2438 ROMANORV
2227 2391 2566 2439 IMPERATOR
2598 2388 2821 2449 AVG‘S‚
2860 2408 2916 2440 ex

862 2470 1007 2517 altera.
1035 2474 1165 2531 parte
1197 2472 1391 2531 imagine
1422 2472 1557 2518 Urbis
1591 2474 1639 2518 et
1668 2486 1803 2518 versu
1851 2480 1890 2525 -ι-
1925 2470 2093 2516 ROMA
2125 2470 2313 2516 CAPVT
2335 2472 2528 2517 MVNDI
2548 2472 2725 2519 REGIT
2747 2472 2914 2520 ORBIS

860 2550 1058 2597 FRENA
1088 2551 1355 2598 ROTVNDI
1394 2555 1531 2612 atque
1571 2552 1646 2597 his
1689 2542 1843 2597 verbis
1880 2550 2081 2596 AVREA
2119 2550 2300 2597 ROMA.
2347 2550 2623 2609 Ediderunt‚
2665 2554 2747 2599 sed
2785 2554 2915 2611 male,

862 2629 1107 2687 Schannat,
1139 2631 1257 2679 Hist.
1288 2632 1459 2679 Worm.
1493 2632 1568 2679 85.
1625 2631 1802 2687 Motitz,
1834 2630 2154 2677 Reichsstadte
2189 2632 2296 2678 150.
2349 2631 2578 2689 Bondam,
2613 2632 2915 2679 Gharterbock

860 2709 945 2756 der
974 2710 1193 2768 hertogen
1225 2726 1311 2758 van
1340 2711 1605 2757 Gelderlant
1629 2710 1671 2768 ‚1‚
1705 2712 1812 2756 231.
1871 2710 2059 2766 Tolner,
2102 2710 2304 2757 Historia
2343 2711 2547 2771 palatina
2586 2713 2661 2759 55.
2715 2712 2912 2769 cneius,

863 2790 978 2836 Ann.
1012 2788 1145 2834 Suev.
1178 2789 1234 2845 11,
1266 2791 1373 2837 471.
1428 2789 1589 2847 Liinig‚
1622 2789 1947 2836 Reichsarchiv
1977 2789 2079 2835 XIV
2081 2792 2118 2846 ·,
2151 2791 2259 2837 680.
2311 2790 2521 2848 Bohmer,
2554 2791 2666 2839 God.
2697 2792 2912 2840 Moenoft.

862 2868 897 2925 1,
931 2869 1005 2915 17.
1045 2891 1094 2900 -
1130 2867 1341 2925 Βῡὶιωοῐ,
1372 2869 1483 2927 Reg.
1518 2870 1656 2916 2619.
1705 2870 1890 2930 Stumpf
1915 2870 2054 2917 43⁷0.

679 3151 804 3223 86.
894 3147 1060 3223 Otto
1109 3144 1227 3223 IV.
1302 3147 1581 3223 civibus
1647 3145 2295 3224 Wormatiensibus
2374 3150 2761 3249 privilegia
2825 3150 2910 3227 ab

894 3271 1473 3347 antecessoribus
1530 3294 1882 3348 concessa
1925 3272 2321 3349 confirmat.
2399 3280 2626 3353 1208.
2701 3275 2910 3376 Apud

893 3394 1199 3494 Spiram.
1971 3406 1976 3411 “

858 3552 926 3619 O.
1019 3554 1095 3619 In
1163 3555 1415 3621 nomine
1496 3563 1714 3623 sancte
1793 3563 1854 3622 et
1932 3556 2296 3624 individuae
2362 3558 2677 3624 trinitatis.
2771 3559 2908 3626 Otto

681 3667 939 3743 quartus
988 3660 1204 3727 divina
1247 3661 1499 3727 favente
1545 3664 1876 3729 elementia
1922 3665 2349 3730 Romanorum
2393 3686 2506 3729 rex
2562 3672 2624 3731 et
2671 3686 2910 3750 semper

678 3774 1001 3851 augustus.
1052 3769 1081 3844 ΙΙ
1125 3769 1321 3851 Regie
1354 3770 1745 3835 celsitudinis
1795 3778 1856 3835 et
1890 3771 2142 3854 pietatis
2189 3778 2302 3853 est,
2351 3771 2634 3837 fidelium
2666 3792 2908 3839 suorum

680 3873 1031 3938 devotionis
1064 3881 1126 3939 et
1156 3875 1469 3940 servitutis
1517 3878 1956 3956 constantiam,
1984 3877 2194 3961 dignis
2226 3880 2541 3962 respicere
2572 3880 2904 3961 beneficiis,

679 3986 747 4045 ut
806 4001 877 4046 se
933 4001 1059 4045 non
1103 3981 1357 4047 modica
1400 3984 1902 4049 remuneratione
1945 3984 2265 4067 gaudeant
2309 3992 2370 4050 et
2414 3987 2680 4052 utilitate
2725 3988 2907 4052 hono·

678 4093 879 4170 ratos,
945 4088 1052 4169 qui
1095 4109 1256 4172 pura
1297 4090 1618 4155 voluntate
1667 4095 1728 4154 et
1772 4091 1945 4155 unito
1993 4092 2268 4156 omnium
2313 4098 2458 4157 voto
2505 4095 2683 4177 regie
2729 4092 2907 4159 subli-

679 4192 880 4257 mitati
938 4198 1000 4259 et
1058 4196 1343 4262 Romano
1404 4197 1668 4281 imperio
1730 4214 1800 4262 se
1845 4196 2082 4282 jugiter
2137 4198 2547 4264 reddiderunt
2601 4180 2903 4265 astrictos.

678 4298 839 4363 Inde
886 4304 1010 4382 est,
1071 4302 1240 4384 quod
1285 4323 1402 4368 nos
1450 4323 1640 4388 super
1682 4303 1985 4370 fidelitate
2042 4310 2104 4370 et
2157 4306 2408 4371 sincera
2451 4306 2784 4373 devotione
2827 4305 2908 4371 ci-

681 4404 852 4470 vium
899 4412 1252 4471 nostrorum
1308 4407 1389 4472 de
1434 4410 1786 4475 Wormatia
1839 4410 2055 4477 habita
2109 4412 2641 4497 consideratione,
2701 4432 2910 4479 eorum
