3209 5434
125 541 921 685 MWQW
1168 623 1211 677 d
1293 476 1307 487 ’
1768 539 1896 603 130

1025 698 1166 781 Ego
1235 695 1618 763 Godefridus
1693 696 2040 782 imperialis
2116 696 2260 760 aule
2326 694 2740 760 cancellarius
2809 692 2944 759 vice

1134 803 1411 869 Ounradi
1456 804 1823 887 Moguntine
1869 802 2040 869 sedis
2087 802 2550 887 archiepiscopi
2596 808 2659 868 et
2693 801 2943 867 Germa·

1057 910 1239 1001 *nie
1284 910 1827 976 archicancellarii
1874 910 2232 993 recognovi.
2309 968 2334 1002 ο
2365 970 2388 999 ,
2433 962 2456 992 ,
2531 953 2556 987 .

648 1007 681 1067 <
705 1016 872 1083 Acta
914 994 1060 1081 sunt
1100 994 1236 1083 hec*
1251 1012 1420 1082 anno
1450 1008 2061 1083 dominice‘iiicai‘h‘a
2087 1017 2249 1082 ionis
2281 1014 2562 1098 MOLVI,
2611 1013 2945 1079 indictione

514 1114 816 1225 w
878 1130 1184 1207 regnante
1242 1092 1531 1190 domino⁹
1542 1117 1868 1296 Frtderti'co
1915 1112 2338 1189 Romanorum
2397 1122 2778 1227 imperatore
2819 1120 2945 1203 glo·

708 1229 1077 1337 riosissimol
1113 1251 1281 1295 anno
1328 1230 1691 1328 regni-ejus
1779 1238 1834 1314 Γ
1861 1232 2109 1316 imperii
2155 1251 2304 1297 vero
2350 1230 2487 1315 ejus
2533 1231 2651 1295 III.
2719 1229 2947 1293 Datum

710 1343 863 1421 aput
904 1337 1317 1402 Wormatiam
1361 1339 1525 1402 XIII
1571 1336 1885 1402 kalendas
1933 1338 2324 1404 Novembris.
2397 1337 2690 1403 Feliciter
2744 1354 2941 1400 amen.

886 1444 1141 1510 Testes:
1192 1443 1522 1509 Ounradus
1553 1444 1922 1527 Moguntine
1967 1445 2139 1510 sedis
2186 1444 2719 1528 archiepiscopus
2790 1441 2949 1507 Cun-

708 1548 899 1616 radus
948 1552 1428 1617 Wormaticnsis
1475 1552 1833 1661 episcopus,
1916 1550 2297 1617 Godefridus
2344 1551 2666 1636 Spirensis
2711 1548 2948 1633 episco-

708 1676 847 1742 pus.
926 1658 1261 1723 Heinricus
1310 1658 1506 1722 abbas
1554 1658 2010 1723 Laurissensis.
2086 1658 2467 1724 Godefridus
2517 1654 2944 1723 cancellarius

710 1764 1039 1829 Cunradus
1098 1764 1626 1849 prothonotarius.
1712 1764 1981 1831 Sisridus
2036 1765 2241 1849 major
2285 1762 2766 1871 wormatiensi-s
2815 1779 2947 1844 prc-

708 1870 972 1956 positus.
1068 1871 1400 1936 Heinricus
1472 1871 1589 1936 dec
1633 1892 1771 1947 nus.
1866 1872 2129 1936 Emicho
2198 1871 2558 1956 prepositus
2627 1835 2803 1948 Sfl³
2845 1866 2944 1943 uli.

711 1976 1041 2043 Cunradus
1097 1979 1455 2063 prepositus
1499 1893 1874 2069 ffndree.
1963 1978 2234 2043 Sifridus
2286 1977 2646 2062 prepositus
2693 1975 2738 2041 S
2860 1994 2950 2039 ar·

708 2084 840 2149 tini.
914 2084 1244 2149 Ounradus
1291 2085 1610 2168 palatinus
1659 2105 1871 2150 comes
1919 2046 2096 2179 Issni.
2167 2084 2428 2150 Emicho
2477 2102 2690 2149 comes
2737 2082 2822 2148 de
2856 2080 2948 2145 Li·

710 2191 963 2275 ningen.
1034 2191 1417 2257 Godefridus
1464 2212 1676 2257 comes
1725 2192 1805 2258 de
1840 2192 2204 2277 Spanheim.
2275 2192 2526 2259 Ulricus
2574 2190 2655 2255 de
2684 2188 2950 2253 Hornin-

537 2370 551 2385 ι
583 2350 610 2371 2
710 2316 854 2380 gen.
927 2298 1285 2364 Berhtolfus
1334 2298 1414 2363 de
1443 2299 1892 2382 Scowenburg.
1965 2299 2326 2364 Waltherus
2374 2298 2454 2363 de
2483 2299 2720 2362 Husen.
2790 2296 2950 2360 Mar-

712 2402 990 2487 quardus
1030 2403 1119 2495 ‘de
1166 2404 1524 2492 Grunbach.
1597 2406 1984 2471 Wernherus
2031 2405 2113 2471 de
2146 2375 2570 2487 Ronlandenjf
2592 2400 2950 2469 Burcardus

710 2510 1172 2594 vicedominus,
1234 2491 1492 2577 Richizo
1550 2519 1614 2577 et
1669 2514 1778 2577 alii
1838 2533 2029 2596 quam
2086 2514 2302 2597 plures
2347 2518 2476 2579 tam
2532 2512 2714 2577 liberi
2763 2529 2950 2595 quam

710 2618 1151 2684 ministeriales
1198 2639 1274 2684 ac
1321 2619 1688 2703 burgenses.

804 2766 872 2814 Ex
903 2766 1146 2825 exemplari
1180 2768 1335 2825 spurio
1369 2768 1539 2826 scripto
1572 2769 1704 2815 initio
1738 2783 1857 2815 saec.
1877 2770 1994 2826 XIII,
2028 2771 2261 2816 asservato
2293 2770 2341 2815 in
2371 2768 2594 2815 tabulario
2615 2764 2951 2813 Wormatiensi.

897 2846 1075 2902 Merita,
1100 2845 1420 2892 Reichsstidtc
1444 2848 1549 2894 146.
1598 2848 1946 2903 Hansselmann‚
1967 2849 2307 2895 Laudeshoheit
2327 2848 2382 2905 11,
2406 2849 2514 2894 278.
2567 2846 2817 2901 schannat,
2839 2844 2950 2889 nist.

897 2924 1068 2971 Worm.
1098 2927 1173 2974 76.
1210 2925 1443 2982 'Ludewig
1514 2924 1630 2971 Bell.
1662 2926 1889 2974 Manuscr.
1919 2928 1986 2985 ΙΙ,
2021 2930 2124 2975 192.
2173 2952 2222 2959 -
2267 2927 2486 2983 Βόὶιωοτ,
2535 2926 2646 2983 Reg.
2672 2926 2780 2985 imp.
2817 2922 2949 2971 2365.

899 3004 1094 3063 stumpf,
1125 3004 1235 3062 neg.
1260 3004 1397 3050 3759.
1440 2960 1533 3051 &a
1553 3028 1561 3031 <
1578 2984 1737 3062 eud
1770 3001 1892 3071 fga-30,

524 3290 539 3312 '⁴
588 3340 604 3349 .
718 3288 841 3400 84.
926 3280 1340 3355 Fridericus
1394 3281 1445 3355 Ι.
1504 3283 1934 3357 sententiam
1999 3283 2216 3359 latam
2284 3284 2374 3359 de
2421 3288 2588 3381 Jure
2643 3278 2952 3358 faciendi

924 3408 1352 3479 testamenta
1417 3406 1846 3503 promulgat.
1954 3413 2154 3483 1165
2175 3466 2194 3499 ‚
2271 3408 2468 3508 Sept.
2533 3413 2658 3483 26.
2742 3405 2950 3483 Wor·

927 3529 1167 3603 matie.

894 3690 971 3753 In
1027 3689 1281 3754 nomine
1336 3694 1556 3754 sancte
1600 3695 1664 3753 et
1707 3689 2032 3755 individue
2076 3690 2386 3757 trinitatis.
2459 3689 2820 3756 Fridericus
2867 3687 2953 3753 di-

715 3795 866 3860 vina
908 3794 1159 3860 favente
1205 3797 1536 3860 clementia
1565 3796 1989 3861 Romanorum
2018 3796 2361 3881 imperator
2392 3804 2454 3863 et
2484 3818 2736 3882 semper
2765 3814 2953 3879 augu-

716 3908 870 3967 stus.
943 3901 1484 3979 Quemadmodum
1516 3901 1748 3967 divinis
1779 3902 2194 3985 humanisque
2237 3905 2482 3988 legibus
2499 3900 2548 3984 ¹)
2594 3906 2954 3970 inretracta-

717 4009 923 4074 biliter
968 4008 1275 4074 obnoxius
1331 4014 1601 4091 tenetur,
1667 4009 1950 4092 quisquis
2010 4012 2112 4076 vel
2157 4012 2446 4095 tyranica
2490 4012 2805 4077 violencia
2858 4009 2955 4075 vel

718 4116 933 4199 aliqua
987 4113 1343 4181 detestabili
1396 4115 1674 4182 versutia
1733 4122 1953 4215 sancte
2000 4117 2121 4181 Dei
2177 4118 2476 4201 ecclesie,
2535 4138 2660 4202 que
2718 4136 2836 4184 nos
2891 4116 2954 4181 in

718 4220 930 4288 divine
976 4222 1335 4308 adoptionis
1381 4197 1826 4288 hereditatem¹‘
1849 4222 2042 4307 parit,
2104 4223 2384 4309 dampna
2437 4225 2651 4308 aliqua
2705 4225 2811 4291 vel
2854 4222 2953 4289 dc-

898 4445 940 4507 ι)
978 4444 1057 4498 ita
1091 4445 1410 4515 legendum3
1450 4446 1584 4501 Cod.
1611 4446 1884 4503 laudibus,
