3209 5434
1363 524 1490 591 145

301 686 519 748 nostro
582 680 843 766 ejusque
901 682 1005 768 pie
1060 683 1243 749 matri
1287 683 1486 766 Mario
1540 684 1871 768 praedicta
1928 683 2249 768 mancipia
2301 690 2365 749 et
2407 683 2546 775 jam

305 786 476 853 dicto
522 788 810 853 Salsensi
857 790 1118 855 cenobio
1167 790 1252 855 ad
1297 790 1636 856 tenendum
1682 796 1745 856 et
1777 790 1923 876 jure
1951 791 2367 877 proprietario
2400 803 2546 875 pos·-

301 891 639 961 'sidendum
694 895 831 960 sine
891 896 1225 982 cujuslibet
1278 916 1547 981 persone
1602 899 1705 963 vel
1762 898 1943 963 nobis
2014 895 2410 963 succedentis
2477 896 2545 962 in

302 1001 608 1085 regimine
640 1020 754 1066 seu
785 1001 1233 1087 cujuscumque
1265 1003 1504 1069 ordinis
1533 1005 1639 1070 vel
1670 1004 1994 1088 dignitatis
2028 1004 2541 1071 contradictione.

302 1107 386 1173 Et
441 1113 509 1172 ut
558 1106 680 1173 hoc
733 1115 946 1191 nostre
999 1111 1386 1175 auctoritatis
1434 1117 1840 1195 praeceptum
1884 1110 2315 1176 firmissimum
2357 1110 2547 1176 stabi-

176 1298 193 1305 ,
300 1214 487 1297 leque
541 1220 794 1280 maneat
849 1216 916 1282 in
975 1238 1186 1301 evum,
1247 1218 1442 1301 sigilli
1507 1218 1709 1283 nostri
1765 1218 2182 1302 impressione
2237 1235 2319 1284 ex
2371 1237 2547 1285 more

301 1320 587 1405 sigillare
621 1320 948 1406 jussimus.

622 1428 888 1511 Signum
934 1428 1149 1494 domni
1193 1428 1485 1495 Ruodolfi
1529 1423 1651 1513 (Μ)
1697 1430 1865 1513 regis
1910 1429 2307 1496 nobilissimi.

295 1534 466 1605 Acta
511 1541 656 1602 sunt
698 1534 817 1615 hec
847 1532 1280 1621 P1npr1nza¹)
1294 1556 1462 1603 anno
1493 1537 1957 1603 incarnacionis
2000 1536 2238 1602 domini
2266 1536 2540 1620 MXXV,

300 1647 610 1726 regnante
655 1624 966 1708 Rudolso
972 1664 1122 1727 rege
1168 1664 1336 1709 anno
1381 1644 1684 1726 XXXVI,
2073 1704 2079 1710 .

624 1750 942 1833 Hupertus
990 1742 1406 1875 cancellarius
1451 1750 1640 1835 jussu
1685 1750 1856 1835 regis
1914 1749 2170 1835 scripsit
2214 1750 2371 1815 VIII
2398 1747 2543 1814 idus

729 1837 1046 1939 Augusti,
1066 1834 1218 1923 luna
1257 1834 1400 1942 Ιῌ,

395 1984 464 2043 Ex
509 1986 790 2045 autographo
836 1987 886 2034 in
930 1989 1155 2036 tabulario
1204 1987 1518 2035 Garlsrnhensi
1564 1989 1814 2035 asservato.
1887 1986 2097 2080 Sigillum
2144 1984 2366 2034 avulsum.
2426 1984 2547 2032 Male
2682 2054 2687 2062 .
2752 2048 2779 2058 Δ,

491 2067 638 2113 edidit
665 2065 860 2126 Dumg6‚
890 2068 1481 2127 Rog.}3ad0nsia101..ffl
1527 2066 1588 2114 ἕπε
1722 2127 1727 2144 ,
1790 2072 1881 2131 ,ιἠ·
1946 2072 2060 2120 '-·,1¹
2094 2089 2102 2096 ·
2370 2090 2378 2097 ·
2414 2082 2426 2095 ·
2510 2054 2575 2096 s
2616 2080 2634 2093 “

308 2302 434 2375 91.
523 2298 875 2394 GanutuS,
942 2325 1073 2376 rex
1100 2300 1466 2401 Angfiae,
1521 2300 1961 2376 monasterio
2020 2298 2093 2376 S.
2134 2297 2545 2394 Augustini,

517 2425 888 2500 Aelfstano
942 2425 1220 2519 abbate,
1278 2423 1498 2502 donat
1552 2449 1818 2525 corpus
1863 2425 1935 2501 S.
1977 2422 2326 2521 Mildryde
2383 2446 2548 2499 cum

517 2555 668 2625 tota
723 2554 879 2647 ejus
932 2556 1128 2626 terra
1167 2551 1355 2626 infra
1393 2556 1466 2626 et
1511 2555 1714 2625 extra
1748 2549 2058 2625 insulam
2096 2547 2330 2624 Tanat
2384 2548 2541 2623 sita.

521 2674 694 2751 Sine
753 2698 966 2750 ann0.

488 2836 566 2893 -l-
605 2827 746 2910 Ego
777 2825 976 2909 Cnud,
1010 2846 1124 2910 per
1154 2826 1278 2891 Dei
1310 2824 1810 2891 misericordiam
1839 2824 2133 2907 basileuS,
2169 2820 2543 2906 Aegelnodo

305 2930 785 3017 archiepiscopo
820 2937 881 2998 et
912 2933 1198 2999 omnibus
1231 2932 1568 3017 episcopis,
1605 2932 1954 3013 abbatibuS,
1997 2930 2344 3012 comitibus,
2379 2930 2545 2995 vice-

306 3039 636 3105 comitibus
683 3046 747 3105 et
793 3040 1080 3105 omnibus
1125 3039 1422 3105 fidelibus
1447 3040 1637 3104 totius
1668 3038 1940 3121 Angliae
1972 3038 2239 3103 salutem
2285 3043 2348 3101 et
2392 3036 2545 3101 ami-

306 3140 538 3211 citiam.
609 3147 842 3212 Notum
871 3147 954 3211 sit
981 3147 1162 3212 vobis
1195 3147 1482 3211 omnibus
1515 3167 1616 3211 me
1648 3144 1904 3211 dedisse
1938 3149 2158 3209 sancto
2189 3143 2544 3226 Augustino

304 3257 573 3345 patrono
617 3273 759 3318 meo
806 3272 1035 3338 corpus
1084 3259 1344 3319 sanctae
1373 3249 1688 3337 Mildryde
1732 3251 2051 3335 gloriosae
2095 3249 2357 3332 virginis
2404 3268 2547 3313 cum

304 3362 439 3423 tota
466 3364 636 3424 terra
666 3378 782 3424 sua
827 3359 992 3425 infra
1021 3360 1296 3425 insulam
1325 3360 1535 3424 Tanat
1581 3364 1644 3423 et
1688 3364 1867 3424 extra
1908 3377 2049 3423 cum
2078 3356 2367 3421 omnibus
2400 3375 2547 3421 con-

305 3465 742 3531 suetudinibus
789 3466 875 3531 ad
921 3486 1104 3553 suam
1147 3466 1526 3532 aecclesiam
1568 3464 2045 3549 pertinentibus.
2116 3464 2292 3527 Haec
2335 3462 2549 3527 omnia

305 3570 397 3665 ita
440 3572 642 3637 libera
687 3578 749 3637 et
794 3574 1006 3656 quieta
1049 3572 1250 3649 reddo,
1278 3573 1418 3638 Deo
1462 3579 1524 3637 et
1567 3572 1779 3638 abbati
1809 3571 2127 3637 AElfstano
2159 3575 2221 3634 et
2251 3568 2545 3633 fratribus

303 3677 448 3761 loci,
500 3680 662 3744 sicut
706 3699 826 3763 ego
873 3700 951 3745 ea
994 3699 1272 3763 unquam
1317 3679 1540 3744 melius
1585 3679 1777 3744 habui
1823 3684 1951 3742 tam
1996 3676 2061 3740 in
2106 3681 2304 3756 terra,
2358 3694 2547 3757 quam

303 3784 374 3851 in
417 3786 577 3851 mari
624 3792 686 3852 et
717 3786 784 3851 in
821 3787 1018 3869 litore,
1069 3793 1137 3852 ut
1165 3786 1455 3868 habeant,
1507 3785 1877 3870 possideant
1919 3785 2395 3869 imperpetuum.
2462 3782 2548 3846 Et

304 3892 414 3976 qui
479 3892 645 3958 hanc
715 3892 1118 3959 donationem
1178 3914 1384 3959 meam
1452 3893 1793 3975 infringere
1859 3891 1962 3957 vel
2028 3889 2268 3954 irritam
2333 3886 2546 3953 facere

303 4000 731 4083 temptaverit,
805 4022 846 4065 a
891 4001 1030 4066 Deo
1098 4001 1524 4085 omnipotente
1593 4006 1657 4065 et
1723 3998 1893 4065 omni
1948 4001 2172 4062 sancta
2230 3994 2545 4060 aecclesia

305 4107 882 4172 excommunicatus
929 4107 1028 4172 sit.
1098 4108 1322 4172 Amen.

397 4234 466 4283 Ex
493 4236 698 4295 Korama,
731 4236 842 4284 cod.
863 4236 976 4297 dipl.
995 4237 1098 4283 aevi
1118 4236 1331 4283 Saxonici
1354 4236 1434 4293 VI,
1457 4236 1563 4283 189.
1620 4275 1625 4279 .

483 4438 526 4503 ι)
563 4438 660 4506 sic,
697 4453 809 4494 non
844 4440 908 4493 ut
941 4437 1160 4507 Dflmge
1195 4436 1434 4517 scripsit,
1470 4429 1783 4504 Pinprinha.

1019 4595 1055 4685 f

1978 4521 2047 4575 10

2603 1618 2685 1650 ,ru
2698 1584 2777 1637 (ΞΔ
2786 1580 2822 1628 ‘t‘
2831 1588 2856 1606 ‘'

2560 1638 2600 1675 af
