3209 5434
1369 430 1455 495 37

287 608 414 679 25.
500 604 888 681 Heinricus
924 605 1007 680 II.
1062 607 1457 706 imperator
1509 609 1949 683 monasterio
1993 607 2351 684 Thrubiki
2403 609 2528 686 ab·

485 729 770 805 batissa
838 728 1193 826 Gerbirga
1259 731 1643 831 praedium
1708 733 1784 806 in
1848 733 2023 809 villa
2085 733 2529 809 Hadeburun

501 827 714 968 sit(
693 854 932 929 donat
1021 855 1288 952 (1021,
1348 855 1542 952 Oct.)
1625 855 2064 934 Merseburc.

467 1012 534 1079 C.
606 1014 682 1078 In
713 1014 966 1103 nomine
1013 1021 1271 1080 sanctae
1319 1020 1381 1080 et
1420 1015 1785 1081 individuae
1817 1017 2129 1082 trinitatis.
2192 1017 2527 1084 Heinricus

283 1118 504 1185 divina
533 1119 783 1186 favente
815 1121 1148 1186 clementia
1176 1122 1602 1187 Romanorum
1633 1123 1972 1207 imperator
2017 1130 2339 1208 augustus.
2386 1125 2415 1202 ΙΙ
2457 1125 2528 1191 Si

281 1227 670 1292 venerabilia
690 1228 1136 1303 aecclesiarum
1183 1228 1305 1293 Dei
1358 1231 1501 1294 loca
1547 1229 1813 1314 alicujus
1862 1228 2012 1293 doni
2059 1231 2386 1297 commodo
2434 1230 2528 1296 di·

281 1339 420 1399 tare
467 1353 544 1399 ac
591 1334 928 1399 sublimare
975 1333 1412 1418 studuerimus,
1462 1336 1646 1400 nohis
1678 1335 1745 1400 id
1777 1337 2080 1419 regnique
2110 1337 2309 1402 nostri
2340 1337 2527 1403 statui

281 1439 673 1525 profuturum
699 1461 842 1507 esse
864 1441 1120 1506 minime
1143 1440 1517 1506 dubitamus.
1565 1429 1961 1526 Quapropter
1982 1445 2227 1508 noverit
2250 1445 2527 1529 omnium

285 1545 519 1612 Christi
548 1546 828 1612 fidelium
856 1553 1334 1631 nostrorumque
1380 1550 1774 1632 universitaS,
1829 1549 2094 1631 qualiter
2135 1570 2253 1615 nos
2284 1571 2399 1634 pro
2431 1571 2525 1616 re-

281 1652 492 1718 medio
541 1655 790 1718 animae
819 1661 1076 1720 nostrae
1111 1676 1358 1720 necnon
1392 1655 1842 1722 dilectissimae
1875 1657 2239 1722 contectalis
2269 1663 2525 1724 nostrae

288 1759 661 1844 Ounigunde
706 1760 1001 1826 videlicet
1052 1761 1466 1846 imperatricis
1514 1768 1848 1845 augustae,
1899 1763 2249 1829 interventu
2294 1765 2526 1829 aetiam

284 1888 364 1932 ac
408 1868 710 1951 petitione
757 1868 1103 1952 Gerbirgae
1149 1869 1524 1934 venerabilis
1574 1870 1963 1952 abbatissae,
2014 1870 2262 1935 cuidam
2308 1877 2524 1936 nostro

283 1975 520 2057 insigni
566 1974 948 2040 monasterio
981 1975 1290 2040 Thrubiki
1335 1975 1503 2041 dicto
1549 1977 1617 2041 in
1662 1977 1902 2043 honore
1948 1984 2205 2042 sanctae
2249 1978 2372 2042 Dei
2417 1998 2524 2062 ge-

281 2082 524 2147 nitricis
541 2060 898 2165 fsanctique
929 2082 1058 2146 Viti
1088 2083 1380 2166 martyris
1428 2082 1721 2148 dedicato
1767 2084 1894 2148 tale
1938 2083 2284 2168 praedium,
2337 2085 2523 2166 quale
2552 2067 2838 2152 [³wa

284 2209 325 2253 a
369 2188 746 2272 quibusdam
790 2189 1004 2254 liberis
1049 2188 1406 2252 hominihus
1452 2190 1770 2273 Lanperto
1817 2191 2059 2255 scilicet
2102 2196 2165 2254 et
2203 2189 2521 2275 Liudgero

282 2295 367 2361 ad
412 2301 662 2361 nostras
709 2316 932 2361 manus
978 2295 1257 2378 legitime
1302 2301 1670 2378 perventum
1715 2304 1827 2381 est,
1878 2297 2065 2362 situm
2110 2295 2176 2360 in
2211 2297 2365 2362 villa
2393 2298 2521 2362 Ha·

282 2402 582 2486 deburun,
633 2404 696 2467 in
727 2422 896 2487 pago
929 2402 1227 2485 Hardego
1274 2402 1339 2465 in
1387 2403 1687 2467 comitatu
1729 2424 1878 2469 vero
1908 2403 2210 2487 Liudgeri
2253 2404 2516 2488 comitis,

283 2530 424 2575 cum
471 2511 757 2575 omnibus
804 2511 935 2575 suis
979 2509 1403 2593 pertinentiis,
1453 2509 1627 2592 agris
1637 2559 1654 2592 ,
1706 2509 1899 2592 areis,
1951 2509 2286 2594 aedificiiS,
2336 2511 2519 2577 terris

281 2617 465 2682 cultis
513 2623 574 2682 et
617 2617 899 2699 incultis,
951 2616 1157 2698 silvis,
1207 2615 1661 2699 venationibuS,
1711 2616 1893 2699 aquis
1939 2636 2367 2701 aquarumque
2413 2619 2519 2685 de·

281 2724 595 2806 cursibuS,
659 2723 1142 2808 piscationibuS,
1203 2722 1613 2806 molendinis,
1674 2723 1957 2806 pascuis,
2017 2724 2243 2807 pratis,
2290 2725 2411 2790 viis
2458 2732 2519 2791 et

279 2830 486 2913 inviis,
537 2829 804 2894 exitibus
852 2836 914 2894 et
958 2829 1279 2911 reditibuS,
1331 2829 1590 2912 quesitis
1636 2835 1697 2893 et
1725 2827 2135 2913 inquirendis,
2183 2831 2517 2916 mancipiis

278 2937 601 3020 utriusque
647 2956 838 3002 sexus
887 2942 948 3002 et
994 2936 1312 3018 omnibus,
1364 2956 1525 3019 quae
1571 2931 2012 3037 quoqlstmodo
2058 2937 2378 3017 nominari„
2415 2939 2515 3004 vel

280 3045 470 3110 scribi
514 3048 796 3128 possunt,
846 3043 1216 3107 utilitatibus
1275 3042 1358 3106 ad
1402 3043 1614 3126 ipsum
1658 3041 2012 3125 praedium
2040 3043 2511 3126 pertinentibuS,

277 3171 392 3235 per
450 3150 618 3215 hanc
685 3155 967 3215 nostram
1027 3149 1416 3233 imperialem
1482 3149 1783 3232 paginam
1853 3149 2257 3216 concedimus
2269 3156 2514 3264 etatque

277 3258 578 3340 largimur
635 3263 696 3322 et
754 3256 834 3321 de
879 3262 1093 3321 nostro
1131 3255 1276 3339 jure
1331 3275 1409 3318 ac
1467 3254 1744 3320 dominio
1802 3255 1869 3319 in
1927 3255 2062 3340 ejus
2109 3255 2217 3339 jus
2269 3214 2367 3325 δέ
2405 3254 2513 3320 do-

276 3364 535 3428 minium
603 3363 856 3429 omnino
924 3361 1434 3427 transfundimus.
1531 3362 1631 3426 Ea
1688 3361 1958 3444 ratione,
2028 3366 2097 3426 ut
2145 3361 2285 3447 jam
2343 3361 2515 3428 dicta

279 3470 562 3556 ejusdem
606 3469 971 3534 monasterii
1015 3468 1394 3534 venerabilis
1442 3468 1767 3534 abbatissa
1798 3468 2059 3534 Gerbirc
2100 3469 2342 3553 sibique
2374 3488 2511 3534 suc-

279 3564 573 3642 cedentes
630 3576 893 3640 liberam
940 3575 1168 3640 dehinc
1215 3575 1490 3640 habeant
1547 3574 1628 3639 de
1671 3565 1909 3673 [effadem
1962 3560 2345 3660 proprietate
2400 3595 2512 3659 po·

275 3689 566 3750 testatem
620 3681 919 3766 quicquid
977 3682 1066 3747 eis
1113 3681 1420 3766 placuerit
1464 3681 1546 3746 ad
1592 3701 1775 3745 usum
1822 3682 2170 3747 aecclesiae
2213 3680 2506 3747 faciendi.

273 3793 354 3856 Et
381 3797 449 3856 ut
491 3791 653 3856 haec
699 3794 953 3854 nostrae
998 3788 1354 3854 donationis
1402 3789 1741 3853 auctoritas
1774 3789 2016 3854 stabilis
2049 3794 2111 3854 et
2138 3789 2511 3853 inconvulsa

276 3898 445 3962 omni
474 3897 767 3982 posthinc
796 3901 1165 3981 permaneat
1203 3902 1500 3978 tempore,
1549 3895 1671 3959 hoc
1714 3900 2123 3979 praeceptum
2166 3893 2316 3959 inde
2364 3913 2509 3959 con-

274 4005 575 4089 scriptum
619 4023 810 4069 manu
852 4003 1112 4087 propria
1149 4003 1594 4068 coroborari-tes
1643 4001 1834 4084 sigilli
1881 4000 2080 4064 nostri
2112 4000 2508 4085 inpressione

261 4109 567 4196 jussimus
612 4108 918 4193 insigniri.

591 4217 856 4300 Signum
902 4214 1115 4279 domni
1161 4214 1443 4279 Heinrici
1487 4215 1915 4280 Romanorum
1958 4212 2354 4279 invictissimi
2388 4205 2509 4296 (M)
2620 4301 2622 4303 ι

694 4323 1088 4408 imperatoris
1133 4321 1400 4405 augusti.
2330 4309 2337 4314 ’
