3209 5434
1734 512 1864 579 160

621 672 723 755 ,1,
769 692 914 757 pag.
959 666 1147 753 414),
1219 670 1327 753 qui
1395 670 1664 756 primam
1733 670 1933 735 nostri
1996 666 2355 754 diplomatis
2423 674 2636 733 notam
2650 661 2701 749 ²)
2769 666 2915 749 „Er-

673 771 932 844 nustus“
997 777 1178 861 legit,
1247 776 1704 841 verisimillima
1762 776 1873 859 sit,
1934 775 2335 840 Salomonem
2391 779 2654 858 apparet
2715 778 2911 854 notae,

675 884 899 967 quibus
961 883 1302 966 Ernustus,
1373 881 1673 948 decessor
1735 881 1902 967 ejus,
1974 881 2322 965 diplomata
2389 900 2505 945 sua
2562 884 2911 962 ornaverat,

676 1010 1054 1075 quamquam
1103 1009 1318 1055 earum
1361 989 1487 1053 vim
1535 989 1789 1053 minime
1838 988 2163 1069 intellexit,
2212 994 2422 1052 tamen
2467 986 2729 1051 easdem
2766 986 2915 1052 satis

676 1104 970 1162 accurate
1025 1096 1466 1161 delineavisse.
1550 1096 1768 1160 Simon
1828 1102 2035 1160 autem
2092 1101 2155 1159 et
2197 1094 2421 1179 Poppo
2468 1100 2657 1177 atque
2706 1094 2915 1157 Bruno

676 1224 842 1295 novo
889 1208 952 1268 et
995 1204 1351 1287 perspicuo,
1403 1202 1691 1284 quamvis
1737 1201 2019 1267 inaudito
2069 1206 2259 1265 antea
2302 1200 2490 1265 modo
2538 1206 2725 1263 notas
2772 1218 2919 1263 suas

676 1309 1101 1376 formaverunt
1155 1328 1358 1392 neque
1418 1309 1671 1392 quidem
1718 1308 1942 1374 litteris
1988 1307 2351 1390 vulgaribus
2398 1313 2688 1371 notarum
2732 1304 2921 1371 modo

675 1418 765 1481 uti
811 1416 1266 1481 dubitaverunt.
1315 1450 1404 1460 —
1449 1415 1743 1498 Denique
1790 1412 2252 1481 observandum
2297 1418 2412 1495 est,
2460 1414 2527 1477 in
2559 1413 2925 1477 narratione

677 1524 875 1588 nostri
921 1523 1282 1607 diplomatis
1321 1521 1490 1602 ‘duas
1537 1520 1984 1587 concessiones
2038 1542 2079 1586 a
2122 1541 2272 1604 rege
2320 1521 2478 1604 peti,
2536 1521 2604 1585 in
2650 1519 2925 1603 disposi-

677 1632 849 1695 tione
909 1636 1114 1695 autem
1173 1628 1622 1711 comprehendi
1680 1634 2001 1711 quattuor:
2073 1630 2127 1692 1.
2194 1627 2734 1693 confirmationem
2794 1632 2925 1690 'om-

677 1737 850 1800 nium
895 1734 1258 1815 monasterii
1303 1734 1627 1818 bonorum,
1679 1736 1737 1799 2.
1792 1733 2327 1799 confirmationem
2361 1734 2527 1819 juris
2573 1734 2770 1799 libere
2817 1731 2925 1796 eli-

677 1842 872 1925 gendi
917 1842 1235 1923 abbatem,
1291 1843 1352 1905 3.
1403 1841 1939 1907 confirmationem
1984 1841 2390 1907 immunitatis
2403 1891 2420 1924 ,
2480 1842 2541 1905 4.
2592 1839 2927 1905 confirma-

678 1949 914 2014 tionem
959 1949 1272 2032 privilegii
1318 1948 1398 2013 de
1443 1967 1570 2013 non
1618 1947 1923 2013 solvendo
1968 1948 2279 2013 theloneo.

859 2108 975 2175 No,
1022 2109 1082 2173 2.
1173 2107 1465 2173 Narratio
1537 2114 1600 2173 et
1667 2106 1999 2192 dispositio
2056 2127 2184 2172 non
2239 2107 2401 2172 inter
2459 2127 2530 2173 se
2584 2104 2932 2171 distinctae

681 2220 852 2296 sunt,
916 2213 1029 2279 sed
1087 2213 1152 2277 in
1197 2232 1385 2278 unam
1433 2213 1765 2278 formulam
1823 2220 2212 2298 contractae,
2274 2214 2343 2280 id
2398 2214 2567 2298 quod
2612 2214 2677 2277 in
2729 2212 2933 2277 dona-

681 2321 952 2385 tionibus
1011 2340 1259 2403 semper
1312 2319 1444 2385 fere
1486 2321 1830 2404 invenitur,
1893 2321 2107 2387 confer
2151 2321 2398 2403 Sickel‚
2460 2321 2624 2385 Acta
2652 2319 2934 2384 Karolo-

681 2448 819 2493 rum
849 2426 898 2509 Ι,
939 2427 1061 2490 179
1111 2434 1172 2490 et
1210 2425 1435 2492 librum
1464 2448 1673 2492 meum
1705 2428 1970 2492 Kanzlei
2002 2428 2301 2493 Konrads
2332 2429 2437 2511 IL,
2471 2448 2619 2511 pag.
2654 2428 2762 2509 33,
2800 2445 2934 2509 quo

681 2536 823 2620 loco
879 2530 1007 2598 'non
1061 2553 1320 2616 prorsus
1376 2540 1544 2601 recte
1599 2534 1735 2599 dixi
1789 2534 2213 2599 narrationem
2266 2533 2675 2599 donationum
2722 2531 2935 2615 diplo-

682 2641 869 2705 matis
918 2641 1170 2705 omnino
1217 2638 1461 2705 deesse.
1546 2641 1983 2707 conferendae
2030 2648 2175 2707 sunt
2230 2642 2419 2707 etiam
2462 2640 2768 2705 formulae
2818 2638 2936 2704 do-

683 2748 1037 2829 nationum,
1111 2766 1268 2828 quas
1335 2734 1597 2832 praebet
1666 2746 1747 2813 de
1814 2747 2077 2814 Roziere
2144 2742 2433 2831 (Recueil
2487 2746 2746 2830 general
2812 2745 2937 2810 des

683 2854 1000 2935 formuleS‚
1033 2853 1216 2917 Paris
1254 2854 1422 2917 1859
1456 2873 1562 2936 ss.7
1614 2854 1654 2919 3
1686 2856 1832 2920 voll.
1871 2850 1992 2939 8⁰),
2045 2875 2309 2939 quarum
2338 2855 2403 2919 in
2433 2855 2630 2919 tribus
2662 2854 2740 2919 N.
2772 2853 2933 2935 146,

690 2960 836 3042 148,
876 2961 1000 3024 149
1047 2960 1322 3024 narratio
1354 2965 1414 3025 et
1449 2959 1783 3044 dispositio
1820 2962 2302 3045 distinguuntur.
2354 2995 2443 3005 -—
2487 2960 2696 3026 Verba
2724 2960 2940 3025 nostri

621 3140 626 3143 ,
687 3067 1048 3151 diplomatis
1100 3067 1202 3151 „in
1248 3066 1470 3131 eodem
1503 3062 1838 3133 comitatu“
1892 3089 2034 3134 cum
2081 3076 2270 3134 antea
2315 3068 2641 3134 comitatus
2688 3066 2938 3130 mentio

685 3173 856 3239 facta
899 3194 1028 3238 non
1075 3173 1175 3256 sit,
1223 3174 1361 3238 sine
1405 3171 1594 3240 dubio
1642 3175 1733 3239 ita
1760 3176 2233 3261 interpretanda
2267 3181 2427 3259 sunt,
2476 3180 2545 3239 ut
2573 3172 2942 3238 Burchardi

689 3281 1018 3346 comitatus
1063 3279 1477 3363 intellegatur.

867 3440 986 3503 No,
1021 3440 1081 3503 3.
1160 3439 1261 3504 De
1316 3459 1436 3505 usu
1501 3461 1694 3506 manu
1758 3441 2045 3507 mittendi
2112 3462 2331 3509 servos
2396 3461 2547 3527 „per
2604 3438 2943 3505 excussio-

689 3566 836 3614 nem
880 3538 1189 3610 denarii“*
1222 3547 1603 3629 „secundum
1658 3550 1864 3632 legem
1910 3542 2224 3617 Salicam“
2278 3548 2520 3631 confer,
2578 3567 2744 3632 quae
2800 3545 2945 3612 dis·

689 3659 1066 3739 putaverunt
1112 3652 1368 3736 Grimm,
1419 3654 1740 3721 Deutsche
1782 3655 2421 3721 Rechtsalterthflmer
2468 3656 2592 3719 178
2636 3673 2721 3719 ss,
2762 3654 2943 3736 9403

692 3760 924 3840 waitz,
950 3758 1741 3844 Verfassungsgeschichte
1763 3762 1846 3844 Π,
1879 3763 2034 3844 180;
2066 3762 2462 3827 Kunstmann
2488 3762 2554 3826 in
2578 3759 2944 3845 Oberbayr.

689 3865 927 3931 Archiv
981 3865 1024 3929 f.
1081 3866 1428 3932 vaterl'and.
1475 3867 1707 3933 Gesch.
1756 3869 1814 3951 Ι,
1860 3870 2023 3950 3743
2092 3867 2290 3933 Hofer
2346 3867 2413 3932 in
2466 3866 2836 3933 Zeitschrift
2897 3868 2945 3933 f.

691 3971 1298 4065 Archivwissensch.
1324 3975 1375 4057 Ι,
1409 3975 1552 4039 152.
1586 4009 1676 4017 -
1705 3974 1847 4039 Mos
1879 3974 2017 4057 ipse
2047 3973 2520 4057 antiquissimus
2552 3980 2663 4057 est,
2692 3973 2953 4061 quippe

693 4080 870 4164 cujus
919 4077 1057 4163 jam
1118 4080 1184 4143 in
1241 4082 1485 4165 legibus
1545 4082 1760 4146 Salica
1814 4076 2090 4164 (XXVI)
2144 4086 2206 4145 et
2257 4080 2559 4146 Ribuaria
2601 4075 2835 4163 (LVII,
2882 4077 2955 4165 1)

691 4185 926 4251 mentio
970 4185 1099 4251 fiat.
1168 4187 1552 4272 Diplomata,
1601 4206 1765 4271 quae
1810 4186 1892 4253 de
1932 4185 2291 4271 hujusmodi
2334 4186 2956 4279 manumissionibus

874 4413 918 4477 ¹)
955 4410 1176 4466 Videsis
1211 4410 1356 4464 illam
1396 4410 1452 4475 in
1486 4411 1645 4467 icone
1680 4410 1921 4477 editione
1956 4410 2414 4481 Schopflinianiae
2450 4412 2655 4469 addito.
