3209 5434
1332 563 1459 629 123

274 720 380 804 qui
427 721 713 785 omnibus
760 727 1085 805 praestant
1130 722 1195 787 in
1240 728 1491 787 servata
1519 721 1669 787 fidei
1700 717 2034 805 religionc3
2084 722 2208 786 sint
2239 721 2515 785 omnium

274 827 595 893 civitatum
641 827 1027 894 habitatores
1069 829 1283 911 regiae
1313 828 1778 894 munificentiae
1810 850 1924 913 spe
1954 828 2293 911 laetificati,
2328 848 2513 911 quam

271 934 773 999 Wormatienses
820 935 963 1019 ipsa
1008 955 1085 1000 re·
1109 941 1253 1000 sunt
1289 935 1642 1018 consecuti3
1694 935 1944 1001 discant
1975 954 2190 999 omnes
2222 935 2358 1017 regi
2388 955 2515 999 ser-

271 1060 423 1105 vare
481 1041 741 1105 istorum
801 1041 1148 1107 imitatione
1207 1042 1601 1125 fidelitatem,
1663 1043 1769 1125 qui
1825 1043 1890 1106 in
1948 1042 2208 1106 istorum
2253 1041 2515 1105 utilitatis

272 1146 444 1229 regis
477 1147 1256 1231 probantebenignitatem!
1305 1151 1481 1229 Quae
1513 1149 1768 1234 quidem
1796 1149 2033 1213 utilitas
2065 1148 2284 1232 paucis
2308 1148 2515 1213 verbis

279 1253 846 1337 comprehenditur,
896 1253 1012 1320 sed
1058 1256 1123 1319 in
1157 1220 1449 1349 &meorum
1495 1255 2000 1322 consideratione
2029 1275 2157 1319 non
2187 1254 2366 1337 leviS,
2402 1253 2515 1319 sed

273 1366 457 1443 grata
515 1366 577 1424 et
620 1360 1007 1426 honorabilis
1055 1369 1463 1446 computatur.
1549 1363 1898 1454 Teloneum
1945 1361 2285 1443 siquidem,
2347 1361 2515 1445 quod

272 1466 338 1531 in
396 1467 714 1531 teutonica
769 1467 987 1549 lingua
1041 1468 1511 1552 interpretatum
1568 1474 1665 1534 est
1711 1470 1839 1551 zol,
1902 1467 2070 1551 quod
2115 1469 2179 1532 in
2228 1468 2515 1533 omnibus

272 1572 431 1638 locis
479 1573 693 1656 regiae
737 1574 1035 1658 potestati
1080 1576 1440 1660 assignatis,
1493 1560 1786 1641 videlicet
1815 1575 2344 1657 Franchenevurt,
2394 1575 2515 1641 Bo-

271 1684 527 1764 parten,
592 1680 1021 1763 Hamerstein,
1082 1682 1504 1765 Drutmunne,
1556 1681 1876 1763 Groslarie,
1917 1681 2188 1764 Angere,
2227 1680 2409 1765 judei
2455 1689 2515 1745 ct

273 1786 506 1851 coeteri
527 1780 574 1867 ¹)
637 1787 1134 1853 Wormatienses
1205 1790 1451 1854 solvere
1521 1793 1990 1872 praetereuntes
2059 1787 2251 1853 debiti
2317 1797 2511 1869 erant,

273 1892 869 1976 WormatiensibuS,
920 1907 1024 1959 ne·
1047 1895 1304 1961 ulterius
1352 1896 1603 1961 solvant
1649 1895 1764 1977 zol,
1816 1894 2187 1977 remisimus,
2236 1895 2303 1958 in
2349 1895 2515 1978 prin-

276 1998 487 2082 cipum
532 2005 916 2083 nostrorum,
978 2001 1219 2067 scilicet
1264 1983 1625 2068 Liemmari'
1645 2001 2248 2085 Hammaburgensis
2293 2006 2515 2067 metro-
2595 2005 2599 2009 '

273 2106 557 2190 politani,
607 2105 887 2172 Ebbonis
935 2107 1475 2192 Nuimburgensis,
1519 2107 1840 2173 Diederici
1870 2106 2304 2190 virdunensis,
2338 2108 2515 2173 Heri-

273 2213 488 2277 manni
556 2213 1132 2298 Babenbergensis,
1210 2214 1563 2279 Burchardi
1631 2214 2006 2279 Basiliensis
2074 2214 2515 2299 episcoporum

276 2324 787 2402 coeterorumque
843 2319 1123 2385 fidelium
1177 2320 1410 2387 Christi
1465 2327 1946 2404 nostrorumque
1999 2321 2361 2404 praesentia
2414 2320 2515 2385 fir*

272 2426 601 2491 mavimus.
686 2425 890 2503 Quam
946 2426 1361 2492 firmationem
1419 2447 1610 2512 super
1664 2427 1933 2511 praefati
1993 2428 2091 2491 zol
2147 2428 2515 2493 remissione

273 2531 508 2597 factam
553 2537 621 2596 ut
664 2534 874 2597 nullus
921 2553 1356 2600 successorum
1401 2540 1757 2598 nostrorum
1803 2534 2098 2642 videlicet
2140 2554 2359 2615 regum
2405 2553 2515 2597 seu

273 2638 722 2723 imperatorum
765 2640 1083 2725 infirmare
1128 2640 1307 2722 velit,
1357 2659 1654 2724 rogamus
1703 2647 1765 2705 ct
1810 2660 1924 2723 pro
1972 2640 2069 2705 sui
2114 2640 2266 2704 facti
2311 2639 2515 2724 cujus-

272 2746 424 2810 libet
469 2746 749 2829 optanda
794 2747 1133 2813 stabilitate
1179 2747 1529 2831 obligamus
1546 2796 1561 2829 ,
1627 2748 1761 2830 qui,
1816 2745 1985 2829 quod
2032 2746 2226 2830 absit,
2277 2746 2341 2810 in
2388 2765 2515 2828 qun

273 2872 391 2918 nos
438 2852 730 2936 infirmat,
781 2873 851 2918 se
898 2860 959 2918 et
1004 2852 1173 2936 quod
1218 2854 1436 2919 fecerit
1466 2853 1768 2918 infirmari
1815 2853 2048 2918 credat.
2115 2854 2297 2917 Hanc
2328 2852 2515 2935 igitur

271 2958 705 3042 firmationem,
755 2967 824 3024 ut
855 2960 1020 3025 infra
1049 2960 1313 3044 videtur,
1363 2968 1581 3027 nostra
1611 2980 1802 3025 manu
1832 2961 1898 3024 in
1928 2960 2051 3025 hac
2083 2965 2273 3042 carta,
2326 2978 2515 3041 quam

272 3066 464 3131 scribi
512 3065 853 3150 jussimuS,
912 3067 1284 3151 inscriptam
1340 3073 1403 3132 et
1458 3068 1658 3133 nostri
1714 3067 1907 3150 sigilli
1962 3065 2378 3148 impressione
2423 3065 2511 3129 in-

271 3171 570 3254 signitam
626 3173 830 3237 omnis
889 3174 1313 3256 generationis
1329 3224 1346 3258 ,
1410 3180 1541 3238 tam
1593 3174 1840 3239 futurae
1896 3192 2086 3255 quam
2139 3171 2511 3256 praesentis,

269 3278 532 3344 notitiae
574 3279 958 3363 reliquimus.

593 3421 856 3505 Signum
912 3421 1128 3488 domni
1157 3421 1437 3488 Heinrici
1482 3421 1689 3505 quarti
1732 3420 1899 3505 regis
1943 3418 2274 3485 humillimi
2320 3425 2381 3484 et
2423 3419 2511 3485 in-

697 3523 1165 3613 vic(M)tissimi.
1236 3524 1333 3612 (L.
1368 3523 1468 3612 S.)

595 3667 914 3735 Adalbero
975 3670 1389 3736 cancellarius
1445 3670 1585 3737 vice
1631 3637 1930 3753 Sigefridi
1975 3665 2515 3733 archicancellarii,

697 3795 1057 3859 recognovi.

268 3917 445 3981 Data
501 3922 597 3982 est
640 3917 765 3983 XV
807 3917 1120 3983 kalendas
1176 3918 1528 4000 Februarii,
1592 3936 1760 3982 anno
1819 3914 2174 3982 dominicae
2226 3916 2511 3981 incarna-

268 4023 462 4088 tionis
514 4024 847 4089 millesimo
892 4025 1206 4108 LXXIII,
1270 4024 1616 4090 indictione
1659 4024 1820 4106 XII,
1882 4042 2050 4087 anno
2096 4028 2303 4087 autem
2349 4020 2515 4087 ordi-

454 4286 497 4349 ι)
551 4284 803 4353 Quinque
856 4284 1029 4341 verba
1080 4285 1428 4356 insequentia
1481 4284 1632 4354 apud
1687 4285 1882 4340 Moritz
1935 4284 2140 4339 omissa
2193 4288 2350 4353 sunt,
2414 4300 2511 4353 pru

271 4371 459 4443 „judei
502 4378 559 4427 et
594 4373 828 4427 coeteri“
864 4375 1128 4445 scriptum
1178 4377 1265 4430 est
1312 4373 1525 4447 „judeis
1558 4377 1618 4430 et
1640 4372 1936 4430 coeteris“!
1993 4372 2153 4441 Quod
2190 4373 2306 4429 sinc
2344 4372 2511 4429 dubio

269 4461 521 4516 consulto
556 4459 763 4517 factum
801 4466 903 4519 est.
