3209 5434
2626 19 2639 22 -
2654 19 2877 32 --———.-—>
2890 21 2897 24 .

2718 30 2733 43 Ο
2805 37 2838 49 .-

1773 508 1902 573 144

703 667 871 750 terit,
945 668 1106 733 sciat
1172 687 1242 733 se
1297 666 1788 752 compositurum
1856 666 1993 731 auri
2062 666 2281 750 optimi
2347 666 2540 731 libras
2610 664 2873 730 ducenti
2884 658 2952 747 ¹),

703 774 1105 839 medietatem
1159 775 1461 840 kamerac
1493 752 1771 839 ”nostrae
1828 779 1890 839 et
1944 772 2342 839 medietatem
2387 772 2741 856 prelibatae
2784 770 2955 837 Ade-

703 880 868 962 leidc
914 881 1386 946 amantissimae
1430 880 1686 966 conjugi
1730 885 1986 945 nostrae
2030 879 2287 962 suisque
2332 879 2687 944 heredibus.
2768 875 2954 955 Quod

706 994 775 1053 ut
818 989 1027 1054 verius
1063 987 1355 1053 credatur
1385 987 1873 1071 diligentiusque
1902 987 1981 1051 ab
2022 987 2310 1052 omnibus
2342 988 2727 1068 observetur,
2762 1004 2955 1049 manu

703 1095 964 1179 propria
1007 1095 1373 1160 roborantes
1422 1095 1613 1159 anulo
1657 1099 1873 1159 nostro
1921 1093 2135 1158 subter
2179 1094 2467 1177 insigniri
2502 1092 2833 1177 jussimus.

1023 1202 1289 1285 Signum
1335 1200 1549 1265 domni
1593 1195 1714 1283 (M)
1757 1199 2043 1265 Lotharii
2089 1200 2475 1266 serenissimi
2522 1200 2707 1283 regis,

1024 1309 1246 1373 Petrus
1305 1307 1412 1390 qui
1467 1313 1530 1372 et
1583 1307 1805 1372 Amizo
1821 1356 1839 1390 ,
1900 1306 2111 1390 regius
2136 1306 2540 1391 capellanus
2601 1305 2684 1371 ad
2743 1305 2953 1369 vicem

1126 1414 1434 1497 Bruningi
1461 1414 1767 1533 episcopi
1812 1419 1887 1478 et.
1919 1413 2459 1479 archicancellarii
2501 1411 2860 1497 recognovi
2846 1398 2953 1475 Jet

1130 1497 1507 1605 subscripsiff
1565 1516 1657 1603 (S.
1693 1515 1799 1602 R.)
1842 1516 1941 1603 (L.
1978 1514 2074 1603 S.)

702 1628 874 1692 Data
915 1627 1120 1711 pridie
1164 1626 1478 1692 kalendas
1538 1627 1789 1711 aprilis,
1850 1647 2018 1692 anno
2076 1626 2431 1691 dominicae
2488 1623 2948 1691 incarnationis

702 1731 1027 1797 DOGGOL
1041 1783 1057 1815 ,
1119 1734 1298 1817 regni
1355 1754 1505 1799 vero
1565 1732 1779 1798 domni
1824 1733 2107 1799 Lotharii
2162 1734 2319 1817 XX,
2378 1732 2723 1799 indictione
2765 1731 2945 1797 VIII.

702 1838 934 1903 Actum
979 1839 1236 1923 Papiae.
1306 1840 1617 1906 Feliciter.

795 1976 864 2024 Ex
902 1978 1182 2039 autographo
1223 1980 1272 2026 in
1310 1980 1536 2027 tabulario
1579 1978 1897 2027 Garlsruhensi
1936 1944 2186 2028 asservato.
2242 1980 2391 2039 Sigffli
2430 1978 2692 2039 inscriptioz
2748 1995 2793 2034 4
2846 1976 2949 2024 Lo-

887 2056 1143 2106 THARIVS
1175 2058 1394 2105 GRATIA
1425 2058 1527 2106 DEI
1556 2060 1691 2107 REX.
1740 2059 1897 2107 Edidit
1925 2057 2125 2131 Dumgd,
2149 2059 2259 2120 Bag.
2286 2060 2515 2107 Badcnsia
2546 2060 2619 2106 87.

1898 2150 1978 2162 ..μ-

709 2304 830 2376 90.
913 2299 1260 2376 Rudolfus
1297 2300 1411 2377 III.
1465 2327 1595 2378 rex
1630 2303 2095 2400 Burgundiae
2131 2302 2571 2379 monasterio
2617 2298 2945 2377 Salsensi

916 2424 1059 2501 duo
1113 2426 1478 2527 mancipia
1531 2427 1773 2504 donat.
1878 2433 2023 2505 102
2037 2436 2104 2520 5,
2160 2428 2352 2523 Aug.
2394 2432 2462 2502 6.
2522 2425 2940 2525 Pinprinza.

878 2586 955 2649 In
999 2586 1252 2650 nomine
1297 2592 1516 2653 sancte
1562 2594 1624 2652 et
1664 2586 1990 2653 individue
2036 2587 2349 2652 trinitatis.
2423 2581 2770 2651 Rb'udolfus
2814 2583 2945 2649 Dei

702 2691 910 2774 gratia
964 2712 1076 2756 rex
1125 2689 1166 2774 ΙΙ.
1246 2694 1468 2776 Itaque
1523 2694 1731 2777 prisce
1750 2674 2249 2761 ”consuetudinis
2306 2694 2534 2758 seriem
2583 2691 2945 2775 regalisque

703 2798 1030 2881 dignitatis
1077 2819 1316 2864 morem
1361 2800 1854 2884 consideranteS,
1906 2801 1962 2866 si
2004 2801 2153 2867 totis
2184 2801 2425 2865 nisibus
2470 2805 2727 2882 totoque
2770 2818 2944 2862 men-

700 2905 783 2970 tis
829 2901 1059 2971 affectu
1115 2906 1505 2972 incessanter
1550 2908 1690 2973 Deo
1748 2907 2194 2973 famulantibus
2248 2906 2598 2992 placabiles
2622 2890 2806 2989 ‘esse'
2836 2924 2943 2969 cu-

700 2998 955 3096 pimus,7
1003 3014 1193 3078 etiam
1249 3032 1389 3079 cum
1447 3014 1668 3097 primis
1729 3014 1935 3079 Deum
1990 3015 2507 3099 omnipotentem,
2575 3012 2682 3095 qui
2739 3030 2943 3093 genus

701 3119 1041 3185 humanum
1088 3142 1128 3185 a
1172 3119 1496 3185 dominatu
1541 3120 1780 3203 antiqui
1828 3120 2029 3185 hostis
2075 3122 2390 3203 liberavit,
2451 3120 2634 3185 nobis
2692 3120 2770 3184 ob
2812 3118 2942 3183 hoc

701 3233 1229 3292 remuneratorem
1287 3226 1630 3309 promereri
1688 3226 2080 3292 confidimus.
2166 3228 2562 3312 Quapropter
2622 3225 2941 3308 cognitum

701 3333 837 3397 fieri
878 3334 1162 3397 volumus
1211 3333 1450 3397 cunctis
1483 3334 1681 3398 nostri
1712 3334 1891 3417 regni
1922 3334 2331 3419 principibuS,
2383 3340 2510 3397 tam
2541 3331 2939 3416 presentibus

703 3458 890 3521 quam
935 3438 1296 3503 absentibus
1342 3459 1588 3503 necnon
1636 3441 2078 3505 coenobiorum
2115 3440 2456 3521 ordinibus,
2508 3439 2775 3520 qualiter
2814 3457 2939 3521 pro

700 3544 977 3610 remedio
1025 3545 1230 3625 anime
1274 3552 1486 3626 nostre
1532 3545 1783 3611 cuidam
1831 3547 2211 3613 monasterio
2257 3546 2510 3612 nomine
2540 3545 2821 3611 Salsensi
2872 3545 2939 3609 in

701 3650 939 3717 honore
985 3652 1189 3716 sancti
1233 3652 1404 3717 Petri
1449 3673 1567 3718 nec
1615 3673 1740 3717 non
1770 3652 2103 3719 Adelheite
2147 3652 2565 3738 imperatricis
2582 3624 2773 3733 bone
2808 3671 2938 3716 me-

700 3758 895 3838 morie
908 3733 1315 3841 constructe,
1365 3760 1466 3824 cui
1510 3765 1765 3843 praeest
1811 3759 2101 3825 dominus
2146 3767 2208 3826 et
2238 3759 2539 3843 spiritalis
2571 3766 2750 3843 pater
2780 3758 2938 3823 Ker-

700 3864 911 3929 bertus
958 3885 1072 3948 per
1119 3864 1238 3929 hoc
1273 3872 1484 3947 nostre
1515 3866 1904 3931 auctoritatis
1950 3872 2357 3951 praeceptum
2403 3866 2826 3931 concessimus
2878 3870 2941 3930 et

702 3970 783 4036 de
828 3978 1044 4037 nostro
1080 3971 1226 4056 jure
1285 3972 1349 4036 in
1384 3972 1494 4057 jus
1553 3972 1918 4037 monasterii
1975 3979 2164 4055 atque
2220 3972 2305 4037 ad
2357 3972 2756 4037 serviendum
2800 3970 2941 4035 Sal·

703 4080 983 4143 sensium
1012 4078 1462 4144 monachorum
1506 4078 1625 4159 hec
1656 4078 1779 4144 duo
1813 4080 2133 4163 mancipia
2164 4056 2529 4144 &dalricum
2577 4085 2639 4143 et
2668 4078 2941 4144 Wielam

702 4184 1106 4250 concedimus
1161 4184 1279 4250 has
1326 4185 1690 4269 praedictas
1735 4204 1838 4253 res
1892 4186 2204 4252 conditori
2249 4186 2387 4251 Deo
2441 4190 2505 4251 et
2557 4184 2943 4269 redemptori

878 4409 921 4475 ¹)
959 4408 1068 4463 Sic.
1096 4409 1131 4464 l.
1163 4408 1446 4464 ducentae.
