3209 5434
1349 549 1434 616 85

273 727 395 798 62.
480 721 869 801 Heinricus
937 723 990 800 Ι.
1066 725 1418 803 ecclesiae
1468 728 2078 826 wirciburgensi,
2160 731 2510 832 episcopo

456 844 899 942 'Thiodone‚
998 850 1461 949 privilegium
1549 854 2018 930 immunitatis
2110 856 2504 932 confirmat.

488 978 662 1066 923,
717 975 895 1074 Apr.
946 981 1016 1052 8.
1106 976 1704 1075 Quitilingaburg.

445 1134 512 1201 O.
582 1135 658 1199 In
702 1134 954 1200 nomine
1001 1141 1260 1202 sanctae
1301 1143 1364 1202 et
1392 1137 1759 1204 individuae
1788 1138 2102 1204 trinitatis.
2173 1139 2509 1206 Heinricus

266 1239 487 1307 divina
528 1240 779 1308 favente
826 1242 1159 1308 clementia
1203 1263 1333 1308 reX.
1410 1244 1566 1309 Cum
1596 1247 2001 1329 petitionibus
2035 1266 2358 1312 servorum
2386 1246 2511 1314 Dei

264 1368 381 1433 pro
428 1348 807 1432 quibuslibet
852 1350 1302 1415 aecclesiarum
1346 1352 1830 1418 necessitatibus
1862 1372 2046 1418 aures
2077 1360 2327 1419 nostras
2373 1355 2510 1440 pul-

266 1455 537 1521 santium
582 1456 847 1522 libenter
894 1456 1180 1522 anuimus
1228 1462 1290 1522 et
1335 1457 1587 1523 divinae
1619 1459 1648 1537 ΙΙ
1690 1460 2010 1544 potentiae
2052 1460 2118 1525 in
2160 1460 2319 1526 locis
2368 1462 2508 1527 Deo

265 1562 491 1628 dicatis
550 1562 803 1629 uberius
859 1562 1292 1628 famulandum
1348 1565 1652 1630 auxilium
1707 1567 2116 1651 porrigimus,
2187 1566 2256 1631 id
2323 1567 2507 1633 nobis

262 1669 485 1753 procul
529 1668 719 1734 dubio
766 1675 828 1735 et
872 1670 957 1734 ad
1002 1673 1330 1736 mortalem
1362 1672 1557 1736 vitam
1596 1675 2026 1757 temporaliter
2070 1672 2506 1739 deducendam

265 1782 327 1841 et
372 1776 455 1841 ad
500 1775 774 1841 futuram
817 1776 1083 1843 feliciter
1118 1778 1524 1844 obtinendam
1556 1781 1952 1846 commodum
1981 1781 2314 1864 provenire
2359 1800 2505 1847 con-

261 1882 531 1950 fidimuS.
603 1883 851 1949 Idcirco
897 1890 1113 1949 notum
1146 1886 1229 1950 sit
1258 1886 1544 1951 omnibus
1576 1887 1870 1953 fidelibus
1901 1888 2134 1953 nostris
2165 1894 2296 1952 tam
2326 1908 2506 1972 prae-

263 1991 543 2057 sentibus
589 2010 778 2074 quam
835 1996 897 2055 et
940 1990 1190 2075 futuris,
1254 1994 1405 2076 quia
1448 1993 1698 2058 Thiodo
1743 1994 2123 2060 venerabilis
2168 1988 2506 2060 Wircib'ur-

264 2098 482 2183 gensis
530 2097 879 2163 aecclesiae
935 2098 1273 2183 episcopus
1321 2100 1542 2164 obtulit
1598 2101 1833 2167 nostris
1880 2101 2194 2167 obtutibus
2241 2101 2505 2166 auctori·

258 2210 449 2271 tatem
505 2203 914 2270 immunitatis
958 2206 1317 2272 Hludowici
1362 2208 1756 2291 imperatoris
1805 2214 1866 2273 et
1909 2228 2131 2292 regum
2177 2208 2505 2274 serenissi-

259 2332 501 2378 morum
531 2308 891 2378 Hludowici
934 2312 1229 2379 videlicet
1273 2319 1336 2379 et
1366 2313 1746 2398 Ghuonradi‚
1795 2316 1862 2381 in
1895 2335 2022 2397 qua
2051 2315 2500 2399 continebatur,
2949 2388 2958 2411 Ι

259 2419 527 2504 qualiter
571 2419 695 2504 ipsi
742 2426 805 2486 et
850 2426 1283 2486 antecessores
1332 2441 1546 2487 eorum
1576 2421 2019 2505 gloriosissimi
2065 2442 2248 2507 reges
2299 2416 2502 2507 [prae-
2563 2418 2576 2495 ξ’
2601 2482 2754 2539 [1
2769 2428 3016 2535 fimf„

258 2526 491 2592 dictam
538 2520 777 2611 sedem]
841 2547 983 2592 cum
1042 2527 1329 2593 omnibus
1387 2529 1574 2594 rebus
1636 2535 1823 2611 atque
1878 2524 2234 2595 hominibus
2267 2529 2378 2603 „ad
2431 2550 2502 2596 se
2601 2516 2956 2627 sgjjs-.=‚3=;-.m
2985 2514 3090 2579 5⁰]-
3189 2558 3202 2567 ·-

247 2633 421 2720 juste
465 2634 920 2720 pertinentibus
968 2654 1045 2699 ac
1090 2635 1379 2718 legaliter
1425 2635 1910 2720 asspicientibus
1943 2655 2191 2720 semper
2222 2636 2337 2701 sub
2368 2637 2501 2721 ple·
2541 2722 2548 2733 Ι

255 2742 522 2807 nissima
578 2740 947 2807 defensione
1003 2748 1066 2807 et
1119 2742 1525 2807 immunitatis
1586 2743 1849 2808 tuitione
1904 2742 2287 2809 habuissent.
2373 2745 2496 2809 Pro
2633 2824 2658 2839 s

253 2848 563 2914 firmitatis
609 2868 882 2931 namque
927 2849 1135 2914 studio
1178 2855 1557 2915 memoratus
1589 2826 2136 2915 Thiodo⁴'dilectus
2167 2850 2499 2934 fidelisque
2558 2838 2632 2889 ’Ψ
2649 2852 2736 2881 ’Μ
2757 2866 2806 2883 ’
2877 2884 2884 2894 ·

252 2962 468 3021 noster
513 2956 851 3040 episcopus
896 2976 1144 3021 necnon
1190 2964 1253 3022 et
1283 2958 1501 3023 Bobbo
1532 2955 1930 3023 venerandus
1975 2977 2186 3023 comes
2216 2964 2496 3023 nostram

250 3068 635 3145 rogaverunt
678 3063 1133 3145 excellentiam,
1183 3070 1251 3128 ut
1279 3084 1393 3147 pro
1427 3063 1625 3128 divini
1654 3065 1855 3129 cultus
1901 3084 2114 3129 amore
2155 3070 2217 3129 et
2247 3065 2496 3129 animae

250 3176 508 3235 nostrae
552 3169 831 3235 remedio
878 3190 980 3235 res
1027 3175 1089 3235 et
1130 3169 1417 3235 homines
1461 3171 1788 3254 praefatae
1818 3171 1939 3235 Dei
1971 3171 2321 3237 aecclesiae
2353 3192 2494 3236 cum
2535 3160 2540 3164 ’

252 3276 542 3342 omnibus
589 3276 761 3361 juste
815 3277 1216 3361 legitimeque
1272 3276 1356 3341 ad
1419 3297 1489 3342 se
1547 3277 1999 3361 aspicientibus
2057 3278 2172 3342 sub
2241 3282 2494 3343 nostrae

248 3383 655 3449 immunitatis
685 3384 946 3450 tuitione
977 3384 1455 3468 susciperemus.
1528 3385 1764 3449 Eorum
1795 3384 2198 3468 petitionibus
2228 3384 2495 3450 libenter

249 3496 465 3556 aurem
509 3491 1076 3574 accomodavimuS,
1127 3497 1188 3557 et
1231 3490 1397 3555 hanc
1430 3497 1684 3557 nostrae
1731 3492 2163 3557 auctoritatem
2207 3492 2491 3557 immuni·
2553 3530 2556 3543 ·

246 3598 395 3663 tatis
443 3598 613 3663 circa
656 3600 862 3683 ipsam
908 3598 1124 3664 sedem
1181 3597 1445 3683 ejusque
1501 3600 1822 3682 praelatos
1878 3598 2017 3663 fieri
2075 3598 2487 3682 decrevimus,

246 3725 361 3789 per
406 3724 593 3788 quam
638 3705 1060 3790 praecipimus
1105 3704 1487 3788 firmiterque
1534 3705 1859 3790 jubemus,
1919 3710 1988 3769 ut
2045 3706 2252 3769 nullus
2278 3730 2286 3739 ·
2287 3704 2490 3791 judex
2997 3718 3006 3727 ‘
3118 3794 3124 3799 ι
3171 3688 3206 3783 ἑ,

245 3812 535 3897 publicus
580 3813 683 3878 vel
728 3812 1022 3895 quislibet
1066 3832 1147 3877 ex
1180 3811 1523 3897 judiciaria
1560 3803 1872 3896 potestate
1917 3812 1984 3877 in
2030 3812 2335 3877 ecclesias
2382 3817 2490 3878 aut
3031 3800 3040 3805 ’

245 3920 391 3983 loca
444 3919 547 3984 vel
602 3939 791 4003 agros
850 3938 964 3984 seu
1017 3904 1294 4003 reliquas
1354 3920 1794 4003 possessiones
1853 3925 2235 3984 memoratae
2291 3918 2482 4002 sedis,

245 4046 405 4110 quas
450 4026 753 4093 moderno
800 4032 1079 4110 tempore
1110 4027 1174 4090 in
1206 4025 1586 4108 quibuslibet
1615 4026 1800 4109 pagis
1831 4022 1934 4090 v‘el
1965 4026 2290 4091 territoriis
2321 4024 2488 4091 infra
3099 4070 3110 4087 .-
3135 4006 3206 4113 gs]

245 4132 546 4199 ditionem
613 4134 794 4218 regni
847 4134 1047 4199 nostri
1105 4132 1277 4217 juste
1346 4139 1408 4198 et
1473 4133 1762 4215 legaliter
1820 4132 2107 4216 possidet
2163 4133 2266 4198 vel
2323 4152 2485 4216 quae
3153 4120 3206 4211 ξ

245 4239 547 4325 deinceps
615 4242 681 4306 in
726 4240 873 4326 jure
941 4239 1291 4306 aecclesiae
1359 4240 1558 4324 ipsius
1571 4290 1589 4322 ,
1663 4232 1953 4323 [voluerit
2007 4240 2223 4305 divina
2279 4240 2484 4325 pietas
2501 4236 2530 4316 ’ξ
2597 4306 2602 4313 ,
2717 4284 2742 4375 5

244 4348 493 4432 augeri,
556 4346 640 4412 ad
696 4368 923 4414 causas
979 4347 1331 4421 audiendas
1387 4349 1489 4414 vel
1544 4346 1728 4412 freda
1782 4347 2100 4432 exigenda
2150 4353 2259 4413 aut
2309 4370 2483 4415 man·
2565 4324 2600 4411 (ἕ
2747 4316 2768 4359 ⁰
3125 4346 3206 4419 ἧς.

248 4454 463 4519 siones
521 4461 629 4519 aut
682 4463 941 4540 paratas
998 4455 1326 4521 faciendas
1383 4461 1491 4520 aut
1545 4454 1952 4555 fidejussores
2007 4456 2319 4523 tollendos
2378 4462 2485 4521 aut
3053 4548 3058 4553 ς
3169 4478 3206 4545 ⁴}
