3209 5434
1803 504 1891 573 94

722 664 1067 732 indictione
1096 664 1179 748 X,
1230 683 1397 730 anno
1442 683 1593 731 vero
1641 662 1855 729 domni
1887 660 2152 729 secundi
2181 661 2462 727 Heinrici
2492 660 2829 745 regnantis
2861 660 2976 725 XI.
3082 722 3084 729 .

723 772 951 838 Actum
995 768 1549 853 Franchonevord,
1599 770 1776 855 regio
1823 770 2082 856 palatiO,
2131 768 2396 835 feliciter
2441 789 2642 833 amen.

815 901 883 950 Ex
914 902 1218 971 Monumentis
1250 902 1403 949 Boicis
1434 900 1669 959 xxvx11·‚
1700 902 1807 948 43⁷.
1862 900 2210 961 Autographum
2255 900 2302 947 in
2343 900 2566 947 tabulario
2597 898 2878 945 monacensi
2911 911 2980 943 aa·

895 984 1131 1029 servatur.
1175 981 1323 1040 sigini
1344 982 1493 1027 illaesi
1513 982 1778 1040 inscriptio:
1809 985 1853 1030 -l-
1877 980 2234 1027 nnmssicflvs
2258 980 2323 1026 DI
2343 979 2564 1027 GRATIA
2585 978 2725 1025 REX.
2768 1000 2814 1009 —
2855 976 2979 1023 Bon·

911 1076 1025 1119 mer,
1056 1060 1167 1119 Reg.
1187 1062 1296 1121 imp.
1319 1062 1457 1109 1084.
1506 1060 1692 1120 Stumps
1721 1060 1860 1109 1⁵63.

558 1334 683 1405 Ns
730 1309 852 1382 67.
938 1303 1328 1380 Heinrious
1362 1302 1446 1378 H.
1498 1302 1896 1403 imperator
1933 1305 2301 1400 diplomate
2333 1306 2570 1399 spurio
2612 1297 2977 1376 ecclesiae

935 1428 1543 1524 Wirziburgensi‚
1615 1427 1965 1527 episcopo
2021 1426 2378 1518 Henrico,
2445 1426 2979 1500 immunitatem
3082 1430 3084 1433 ’

936 1578 1071 1654 per
1106 1558 1334 1630 totum
1372 1553 1710 1629 ducatum
1760 1552 2132 1628 orientalis
2167 1551 2223 1627 F
2225 1551 2518 1627 ranciae
2563 1551 2973 1626 confirmat.

751 1715 776 1793 {¹-
946 1684 1173 1755 1018.
1247 1678 1712 1777 Aquisgrani.

904 1835 1121 1903 G.1n
1152 1838 1404 1903 nomine
1434 1844 1694 1904 sanctae
1740 1845 1802 1903 et
1846 1835 2212 1904 individuae
2242 1836 2556 1903 trinitatis.
2627 1788 2974 1945 Hebricus

724 1943 944 2011 divina
990 1943 1319 2010 ordinante
1365 1944 1764 2029 providentia
1793 1946 2216 2010 Romanorum
2259 1944 2600 2028 imperator
2639 1949 2971 2026 augustus.

730 2051 755 2130 ΙΙ
800 2052 865 2118 Si
913 2052 1319 2136 petitionibus
1349 2051 1748 2119 sacerdotum
1780 2054 1903 2119 Dei
1949 2053 2029 2119 de
2058 2052 2177 2135 his,
2229 2071 2392 2134 quae
2423 2050 2506 2116 ad
2537 2051 2682 2115 loca
2719 2056 2974 2115 sancto·

724 2180 861 2225 rum
909 2158 1083 2243 juste
1139 2159 1480 2243 pertinent,
1550 2161 1784 2226 nostris
1841 2160 2100 2226 auribus
2158 2159 2421 2243 prolatis
2479 2157 2970 2239 acquiescimus,

723 2266 966 2350 regiam
1014 2266 1530 2331 consuetudinem
1585 2286 1951 2332 exercemus
2005 2266 2276 2349 hincque
2323 2266 2511 2331 etiam
2555 2266 2972 2349 temporalem

723 2374 903 2458 regni
949 2373 1147 2438 nostri
1192 2374 1678 2458 prosperitatem
1723 2374 1988 2439 stabiliri
2036 2379 2453 2457 aeternaeque
2496 2373 2667 2438 vitae
2701 2372 2972 2457 januam

723 2480 905 2546 nobis
954 2479 1266 2545 credimus
1312 2479 1565 2563 aperiri.
1633 2478 2032 2565 Quapropter
2077 2481 2353 2546 omnium
2396 2479 2680 2545 fidelium
2723 2486 2970 2545 nostro-

722 2606 859 2652 rum
905 2586 1257 2671 praesentis
1304 2586 1406 2651 vel
1446 2585 1693 2652 futurae
1737 2588 1962 2653 aetatis
2007 2593 2226 2672 pateat
2269 2586 2546 2669 notitiae,
2597 2586 2773 2669 quod
2801 2586 2968 2652 Hen-

721 2693 891 2761 ricus
939 2700 1383 2758 sacrosanctae
1413 2694 1941 2777 wirziburgensis
1982 2694 2333 2760 aecclesiae
2361 2693 2638 2778 praesul,
2687 2693 2964 2758 moribus

724 2806 788 2866 et
852 2800 985 2866 vita
1053 2800 1531 2884 probatissimus
1588 2802 1897 2885 nobisque
1966 2802 2046 2867 ob
2104 2820 2222 2866 sua
2285 2801 2510 2866 merita
2577 2800 2960 2880 carissimus,

724 2906 1034 2990 quasdam
1105 2908 1379 2972 cartulas
1448 2908 1682 2972 nostris
1751 2908 1974 2975 obtulit
2051 2908 2519 2992 conspectibus,
2603 2908 2673 2972 in
2739 2907 2962 2989 quibus

724 3014 1173 3097 continebatur,
1225 3013 1396 3097 quod
1430 3014 1872 3097 gloriosissimi
1913 3022 2346 3081 antecessores
2377 3015 2574 3079 nostri
2619 3021 2752 3079 tam
2782 3032 2960 3097 reges

722 3141 913 3205 quam
942 3122 1351 3205 imperatores
1384 3121 1682 3204 Karolus,
1732 3121 2168 3206 Luodewicus,
2214 3121 2533 3204 Arnolfus,
2569 3120 2957 3204 Guonradus,

720 3229 1057 3293 Heinricus
1088 3234 1341 3311 tresque
1371 3228 1634 3295 Ottones
1666 3227 1854 3295 divae
1883 3229 2224 3295 memoriae
2257 3230 2670 3314 imperatores
2703 3236 2958 3295 cunctas

722 3354 825 3400 res
884 3342 1014 3399 tam
1068 3335 1331 3401 mobiles
1392 3356 1581 3418 quam
1639 3336 1992 3401 immobiles
2037 3336 2122 3401 ad
2168 3337 2545 3402 aecclesiam
2589 3337 2794 3401 sancti
2839 3335 2958 3401 sal-

723 3441 989 3523 vatoris,
1051 3441 1117 3505 in
1174 3462 1299 3524 qua
1353 3443 1680 3526 preciosus
1740 3442 1972 3508 Christi
2035 3449 2276 3529 martyr
2329 3418 2623 3535 Kilianus
2683 3443 2958 3525 sociique

724 3545 861 3632 ejus
918 3548 1327 3632 corporaliter
1386 3550 1815 3634 requiescunt,
1879 3548 2052 3635 juste
2119 3556 2183 3615 et
2238 3551 2524 3633 legaliter
2579 3551 2956 3636 pertinentes

724 3655 839 3720 sub
887 3655 1295 3722 immunitatis
1328 3677 1481 3723 suae
1528 3658 1733 3741 clipeo
1782 3676 2033 3741 semper
2075 3663 2412 3724 tuerentur.
2475 3656 2580 3723 Ad
2611 3658 2732 3723 hoc
2773 3657 2957 3721 etiam

723 3761 789 3825 in
838 3761 1079 3826 eisdem
1126 3765 1379 3829 cartulis
1428 3764 1729 3847 scriptum
1776 3763 2147 3847 habebatur,
2211 3764 2380 3847 quod
2425 3764 2730 3849 praedicti
2778 3782 2954 3846 reges

724 3886 837 3933 seu
882 3868 1291 3952 imperatores
1338 3870 1726 3935 auctoritatis
1765 3890 1918 3935 suae
1964 3872 2321 3955 praeceptis
2368 3872 2691 3956 praefatae
2721 3871 2955 3937 aeccle-

723 3972 859 4039 siae
888 3975 1285 4058 praesulibus
1318 3977 1787 4042 concessissent
1817 3984 1878 4043 et
1901 3978 2396 4062 confirmassent,
2419 3984 2490 4044 ut
2509 3979 2716 4045 nullus
2748 3998 2953 4044 comes

721 4081 826 4146 vel
871 4081 1159 4165 publicus
1196 4082 1397 4167 judex
1430 4083 1714 4169 ejusdem
1752 4085 2104 4150 aecclesiae
2135 4105 2354 4151 servos
2385 4088 2486 4153 vel
2517 4086 2780 4152 Sclavos
2827 4085 2955 4149 sive

721 4187 1088 4271 parrochos,
1140 4208 1298 4272 quos
1342 4190 1680 4273 bargildon
1725 4190 1960 4275 dicunt,
2007 4212 2122 4258 seu
2151 4193 2460 4276 SaxoneS,
2509 4212 2667 4275 quos
2697 4190 2955 4257 Nordel-

721 4292 918 4376 binga
962 4301 1209 4378 vocant,
1259 4295 1395 4361 sive
1440 4302 1726 4363 caeteros
1772 4300 2024 4364 accolas
2069 4319 2186 4383 pro
2232 4299 2446 4365 liberis
2492 4298 2847 4364 hominibus
2892 4298 2954 4361 in

724 4398 1008 4483 ejusdem
1054 4401 1405 4467 aecclesiae
1449 4402 1688 4487 prediis
1734 4412 2080 4488 manentes,
2130 4406 2238 4488 qui
2283 4426 2356 4471 se
2400 4406 2502 4472 vel
2548 4426 2664 4470 sua
2706 4403 2957 4469 novalia
