3209 5434
1779 509 1904 574 138

896 669 1133 733 Datum
1179 686 1347 732 anno
1395 666 1712 733 dominice
1741 666 2195 735 incarnationis
2225 666 2568 749 MOCVIII,
2617 664 2960 731 indictione

718 774 834 857 XI,
882 795 996 859 per
1039 795 1294 839 manum
1342 763 1705 839 cancellarii
1751 775 1950 839 nostri
1997 775 2315 859 Spirensis
2362 772 2648 858 episcopi
2683 771 2958 839 Gunradi

721 887 783 946 et
827 902 941 965 per
970 901 1225 945 manum
1256 881 1714 965 prothonotarii
1743 882 1943 947 nostri
1974 879 2256 947 Walteri.
2315 882 2390 946 In
2421 878 2675 945 nomine
2702 880 2957 944 Domini

719 986 890 1071 apud
937 987 1187 1072 Spiram
1234 994 1442 1052 actum
1488 988 1769 1054 feliciter.

813 1127 880 1173 Ex
912 1126 1193 1187 autographo
1228 1128 1273 1173 in
1304 1126 1528 1173 tabulario
1560 1127 1908 1174 wormatiensis
1941 1127 2140 1174 civitatis
2169 1128 2420 1173 asservato.
2467 1125 2691 1184 Sigillum,
2723 1125 2848 1185 quod
2879 1138 2955 1186 ap-

903 1207 1119 1266 pendisse
1159 1206 1364 1262 videtur,
1410 1206 1614 1253 avulsum
1657 1208 1741 1255 cst.
1797 1206 1982 1253 Editum
2023 1207 2145 1267 apud
2177 1206 2366 1262 Moritur,
2406 1205 2726 1253 Reichsstiidtc
2755 1206 2860 1252 153.
2904 1227 2950 1235 -

904 1285 1116 1341 Bohmcr,
1148 1284 1259 1344 Reg.
1284 1284 1374 1331 ott„
1397 1285 1472 1341 IV,
1496 1286 1570 1332 37.
1628 1313 1634 1319 -

720 1552 844 1623 87.
931 1545 1345 1621 Fridericus
1384 1546 1465 1619 II.
1517 1545 1799 1621 civibus
1835 1544 2482 1623 Wormatiensibus
2523 1544 2766 1619 omnia
2791 1547 2956 1640 jura

932 1676 1004 1743 et
1068 1670 1453 1769 privilegia
1517 1670 1913 1746 confirmat.
2009 1674 2248 1760 1220,
2303 1670 2480 1768 Apr.
2530 1674 2655 1745 20.
2738 1668 2952 1768 Apud

926 1792 1471 1871 Frankenvord.
2697 1780 2718 1805 ⁸

897 1951 965 2018 O.
1037 1955 1112 2018 In
1157 1955 1411 2019 nomine
1458 1962 1676 2021 sancte
1722 1962 1784 2021 et
1830 1954 2157 2020 individue
2201 1952 2516 2018 trinitatis.
2595 1951 2951 2018 Fridericus

718 2058 934 2125 divina
988 2059 1239 2125 favente
1296 2062 1643 2128 clemencia
1699 2064 2124 2127 Romanorum
2191 2081 2303 2125 rex
2359 2066 2664 2143 augustus
2723 2066 2788 2125 et
2839 2080 2953 2125 rex

715 2162 1030 2251 Sycilie²).
1117 2167 1271 2232 Cum
1329 2168 1676 2251 imperialis
1719 2170 1749 2245 ΙΙ
1793 2169 2138 2234 clemencia
2196 2168 2483 2232 omnibus
2545 2168 2665 2231 sibi
2709 2166 2952 2231 devotis

717 2274 1018 2337 auxilium
1065 2273 1452 2365 defensionis
1486 2276 1782 2342 exhibere
1819 2275 2062 2356 debeat,
2115 2274 2481 2341 devocionis
2515 2273 2744 2339 civium
2773 2274 2952 2338 Wor·

714 2380 917 2445 macie
962 2400 1090 2445 non
1137 2381 1561 2465 111111101110108,
1623 2383 2020 2466 privilegium
2065 2402 2328 2466 presens
2341 2432 2358 2465 ,
2418 2380 2587 2463 quod
2635 2380 2714 2444 de
2757 2381 2954 2444 multa

714 2486 1101 2569 benignitate
1148 2493 1208 2551 et
1252 2488 1471 2570 gracia
1516 2490 1618 2553 avi
1666 2491 1862 2555 nostri
1910 2489 2034 2555 divi
2074 2491 2498 2554 Romanorum
2545 2487 2796 2571 augusti
2840 2486 2952 2551 im-

713 2595 1023 2677 peratoris
1082 2594 1387 2660 Friderici
1440 2603 1799 2661 meruerunt
1855 2598 2144 2680 accipere
2199 2597 2264 2661 in
2320 2596 2523 2660 forma
2577 2594 2947 2677 subscripta,

715 2700 983 2765 eandem
1028 2701 1207 2784 pacis
1256 2708 1317 2766 et
1350 2701 1514 2786 juris
1563 2702 1998 2768 condicionem
2045 2703 2285 2769 civibus
2335 2702 2492 2786 ipsis
2537 2701 2842 2765 tradimus
2891 2707 2951 2766 et

716 2807 1037 2871 observari
1083 2808 1483 2892 precipimus,
1536 2809 1705 2891 quod
1743 2810 1796 2874 si
1829 2810 1968 2892 quis
1997 2811 2164 2875 intra
2196 2810 2527 2875 terminum
2557 2808 2742 2893 hujus
2771 2808 2948 2891 pacis

715 2912 988 2995 aliquem
1045 2913 1603 2998 blasphemaverit,
1663 2915 2099 3007 blasphemato
2158 2916 2556 2981 satisfaciens
2592 2914 2948 3000 juramento

714 3039 785 3084 se
831 3026 1151 3111 expurget.
1239 3018 1423 3099 Quod
1469 3023 1524 3087 si
1559 3022 1779 3107 jurare
1826 3024 2298 3107 contempserit,
2361 3024 2446 3105 ei,
2511 3042 2697 3105 quem
2744 3021 2947 3088 verbis

712 3128 879 3191 male
924 3128 1233 3211 tractavit,
1282 3130 1411 3193 XX
1443 3129 1683 3194 solidos
1731 3136 1794 3194 et
1827 3130 2149 3214 judicibus
2197 3130 2470 3195 civitatis
2515 3130 2582 3193 X
2615 3133 2950 3212 componat

712 3233 944 3299 ibidem
991 3234 1429 3319 fidejussorem
1475 3235 1800 3319 exhibens,
1852 3237 2022 3318 quod
2067 3238 2234 3301 intra
2276 3237 2474 3302 XIIII
2514 3235 2653 3300 dies
2700 3254 2946 3319 compo·

713 3340 868 3413 sitos
919 3339 1213 3405 denarios
1258 3344 1580 3424 persolvat
1629 3349 1706 3425 et,
1758 3343 1812 3407 si
1855 3363 1971 3427 pro
2020 3364 2137 3409 sua
2171 3348 2543 3427 paupertate
2588 3344 2948 3427 persolvere

712 3466 839 3510 non
898 3447 1152 3530 poterit,
1211 3449 1571 3513 verberatus
1633 3456 1694 3514 et
1744 3455 1985 3515 tonsus.
2029 3450 2110 3516 de
2169 3452 2420 3516 civitate
2479 3450 2740 3515 eiciatur
2791 3468 2945 3513 nun-

712 3572 901 3635 quam
960 3574 1339 3619 reversurus.
1436 3555 1503 3620 Si
1566 3557 1705 3639 quis
1767 3562 1974 3621 autem
2035 3558 2307 3639 aliquem
2379 3557 2774 3640 depilaverit‚
2845 3556 2946 3620 vel

710 3660 1074 3725 verberibus
1134 3660 1454 3743 afflixerit,
1528 3668 1636 3725 aut
1694 3664 2054 3728 vulneribus
2117 3664 2498 3748 plagaverit,
2571 3682 2713 3727 reus
2769 3661 2945 3746 pacis

711 3766 1015 3831 habeatur
1074 3773 1135 3831 et
1190 3788 1381 3831 manu
1424 3769 1782 3852 proscripta
1835 3776 2195 3835 truncetur(
2255 3771 2325 3836 Si
2387 3770 2524 3853 quis
2584 3774 2790 3835 autem
2833 3768 2944 3833 ali-

713 3893 899 3955 quem
946 3872 1248 3937 occiderit
1294 3881 1354 3939 et
1399 3874 1479 3940 de
1523 3874 1864 3941 homicidio
1907 3877 2230 3942 convictus
2276 3877 2476 3959 fuerit,
2515 3875 2778 3960 jugulus
2807 3875 2946 3959 ejus

711 3980 1152 4063 proscribatur.
1238 3966 1309 4045 Si
1365 3982 1504 4063 quis
1559 4002 1710 4047 vero
1767 3983 1954 4047 alicui
1998 3984 2166 4048 bona
2209 4004 2328 4048 sua
2370 3989 2592 4048 contra
2625 3982 2946 4067 justiciam

711 4086 1039 4151 abstulerit
1082 4093 1192 4151 aut
1236 4088 1507 4170 aliquem
1553 4088 1718 4153 intra
1753 4090 1981 4154 atrium
2026 4110 2138 4155 sue
2182 4090 2530 4155 mansionis
2576 4089 2948 4154 inviolenter

712 4192 1030 4277 invaserit,
1082 4213 1225 4259 reus
1275 4195 1453 4278 pacis
1498 4194 1820 4260 habeatur.
1898 4196 1968 4261 Si
2023 4196 2163 4280 quis
2211 4202 2419 4262 autem
2462 4217 2578 4281 pro
2625 4216 2740 4263 suo
2785 4196 2945 4261 arbi-

888 4418 930 4481 1)
968 4417 1249 4483 Hactenus
1284 4417 1497 4472 litterae
1532 4416 1878 4489 oblongatae.
