3209 5434
410 931 426 957 J
441 876 498 974 izi-K
526 870 551 965 ζ(
568 879 620 932 γ’

589 849 600 863 ⁴
633 855 666 880 s

693 755 736 792 s(

588 780 641 845 l}
656 793 691 845 -“’,
702 812 727 838 σ

1800 474 1883 540 72

727 643 847 714 50.
935 634 1325 712 Heinricus
1386 633 1504 711 VI.
1578 635 1976 734 imperator
2044 631 2646 733 compositionem
2710 631 2971 706 factam

938 760 1130 836 inter
1186 760 1517 835 abbatem
1572 758 1986 835 Salsensem
2038 763 2110 833 et
2156 757 2648 833 marchionem
2682 755 2970 832 Baden-

938 908 1091 959 sem
1146 884 1235 959 de
1289 882 1665 960 advocatia
1699 883 1845 959 loci
1884 882 2241 959 Salsensis
2281 882 2675 959 confirmat.
2744 884 2969 970 1197,

934 1008 1076 1083 Jul.
1124 988 1246 1084 31.
1324 1008 1515 1107 apud
1567 1007 1954 1083 Linariam.

905 1167 1242 1233 Heinricus
1319 1167 1443 1232 Dei
1524 1167 1732 1250 gratia
1807 1168 2235 1232 Romanorum
2308 1166 2649 1250 imperator
2724 1183 2974 1248 semper

725 1280 1027 1357 augustus
1074 1281 1136 1341 et
1179 1295 1292 1340 rex
1335 1274 1567 1341 Sicilie.
1642 1274 1966 1356 Omnibus,
2015 1273 2101 1338 ad
2146 1293 2304 1357 quos
2351 1292 2613 1356 presens
2658 1271 2907 1356 pagina
2947 1262 2967 1346 11

726 1382 1109 1467 pervenerit,
1173 1388 1302 1446 tam
1364 1381 1637 1465 posteris
1685 1401 1873 1464 quam
1929 1381 2325 1465 presentibus
2373 1382 2639 1446 salutem
2685 1385 2750 1444 et
2795 1395 2974 1443 omne

728 1489 977 1555 bonum.
1049 1490 1378 1571 ‚Frequens
1425 1508 1634 1553 rerum
1680 1489 2053 1572 permutatio
2085 1487 2529 1571 hominumque
2565 1487 2776 1553 facilis
2825 1484 2972 1549 obli·

724 1596 827 1662 vio
877 1595 1257 1684 persffldet,
1306 1601 1375 1659 ut
1420 1615 1536 1687 ea,
1565 1614 1686 1678 que
1733 1602 2032 1679 geruntur
2076 1595 2142 1659 in
2173 1600 2471 1680 tempore,
2521 1615 2602 1659 ne
2633 1598 2974 1677 sequantur

726 1710 1015 1768 naturam
1061 1702 1379 1786 temporiS,
1414 1701 1694 1766 vividum
1740 1696 2012 1767 debeant
2057 1703 2365 1785 scripture
2395 1701 2698 1766 memoria
2728 1718 2973 1765 sumere

725 1809 1219 1875 fundamentum.
1291 1809 1656 1873 Innotescat
1683 1808 1872 1892 igitur
1913 1808 2310 1893 presentibus
2359 1815 2422 1874 et
2462 1807 2754 1894 posteris,
2807 1803 2973 1889 quod

727 1915 1009 1981 fidelium
1066 1922 1417 1980 nostrorum
1472 1915 1786 1981 Helnwici
1845 1915 2091 1980 abbatis
2152 1914 2232 1981 de
2277 1915 2468 1980 Salsa
2523 1920 2585 1979 et
2627 1911 2975 1979 Hermanni

728 2022 1114 2089 marchionis
1174 2022 1253 2087 de
1310 2022 1534 2087 Baden
1603 2023 1895 2106 precibus
1964 2022 2251 2088 inclinati
2319 2007 2567 2087 omnem
2633 2020 2799 2086 inter
2869 2038 2972 2085 eos

725 2130 959 2195 factam
1019 2130 1537 2215 compositionem
1593 2149 1784 2213 super
1852 2128 2188 2194 advocatia
2246 2129 2373 2195 loci
2428 2128 2748 2193 Salsensis
2767 2177 2784 2211 ,
2854 2146 2976 2210 qua

727 2236 897 2301 idem
945 2258 985 2301 a
1030 2238 1213 2301 nobis
1260 2236 1541 2301 marchio
1590 2235 1991 2319 cognoscitur
2029 2236 2424 2319 infeudatus,
2483 2255 2598 2321 per
2643 2254 2973 2299 assensum

728 2348 944 2408 nostre
1006 2344 1335 2408 clementie
1394 2341 1864 2423 confirmamus,
1936 2361 2015 2407 ac
2070 2363 2150 2408 ne
2208 2343 2274 2407 in
2329 2348 2651 2428 posterum
2710 2343 2790 2406 ab
2847 2341 2972 2405 ullo

728 2448 1051 2514 hominum
1084 2449 1474 2533 infringatur,
1510 2449 1626 2513 sub
1658 2449 2162 2515 interminatione
2192 2449 2544 2535 majestatis
2575 2446 2972 2533 imperatorie

729 2556 987 2623 firmiter
1045 2552 1415 2622 inhibemus.
1489 2556 1848 2622 Statuentes
1894 2555 2082 2640 juxta
2135 2558 2333 2640 partis
2392 2556 2716 2637 utriusque
2763 2553 2972 2621 condi-

732 2664 1003 2746 cionem,
1064 2670 1131 2728 ut
1174 2662 1494 2747 predictus
1554 2663 1751 2728 abbas
1815 2661 2076 2746 ejusque
2122 2682 2522 2737 successores
2567 2668 2970 2728 memoratam

732 2790 874 2835 cum
931 2770 1100 2835 omni
1158 2789 1273 2834 suo
1320 2769 1464 2854 jure
1511 2769 1911 2835 advocatiam
1956 2769 2022 2833 in
2069 2790 2186 2835 sua
2231 2769 2469 2834 tamdiu
2513 2770 2826 2835 retineant
2867 2788 2969 2853 po·

729 2882 984 2960 testate,
1058 2876 1468 2960 quoadusque
1527 2876 1804 2942 debitam
1863 2877 1984 2942 sibi
2037 2898 2077 2942 a
2131 2878 2376 2962 prefato
2444 2876 2810 2941 marchione
2868 2876 2970 2940 du-

733 2989 1056 3048 centarum
1102 2984 1437 3068 pecuniam
1466 3004 1820 3049 marcarum
1855 2984 1992 3049 sine
2024 2983 2434 3049 diminutione
2474 2984 2800 3068 recipiant,
2851 3001 2970 3048 me-

738 3089 970 3173 dioque
1017 3097 1298 3176 tempore
1345 3111 1549 3174 neque
1594 3090 1877 3156 marchio
1933 3110 2052 3155 nec
2099 3110 2354 3156 suorum
2399 3090 2629 3173 aliquis
2674 3091 2971 3157 heredum

733 3197 1123 3281 sepedictam
1179 3196 1575 3264 advocatiam
1631 3218 1748 3281 pro
1803 3197 2030 3283 majori
2073 3197 2345 3281 pecunia
2401 3217 2716 3280 quoquam
2760 3214 2969 3282 presu-

732 3310 906 3368 mant
962 3305 1241 3370 alienare
1299 3307 1400 3370 vel
1457 3306 1771 3370 ullatenus
1833 3305 2132 3389 obligare.
2222 3303 2353 3371 Sed
2410 3304 2466 3369 si
2521 3303 2602 3369 de
2661 3324 2779 3369 sua
2837 3323 2970 3370 eam

735 3416 1048 3493 potestate
1093 3412 1343 3495 penitus
1390 3410 1700 3477 voluerint
1743 3410 2148 3493 exheredare,
2198 3409 2284 3475 ad
2314 3411 2544 3476 nullius
2576 3411 2700 3476 nisi
2731 3409 2969 3476 abbatis

735 3522 844 3581 aut
898 3517 1143 3583 cenobii
1202 3518 1522 3583 Salsensis
1580 3518 1924 3583 dominium
1982 3518 2192 3601 aliquo
2255 3518 2444 3583 modo
2503 3520 2758 3583 valeant
2825 3514 2970 3583 obli·

735 3645 948 3707 quare.
1021 3622 1105 3690 Ut
1160 3630 1371 3689 autem
1426 3624 1543 3690 hec
1600 3632 1820 3691 nostra
1879 3625 2205 3691 concessio
2261 3625 2633 3708 illorumque
2689 3622 2969 3690 condicio

735 3738 878 3796 rata
924 3731 989 3796 in
1036 3738 1355 3815 posterum
1402 3752 1482 3830 ae
1524 3732 1898 3797 inconvulsa
1942 3737 2327 3817 permaneat,
2377 3739 2593 3797 nostro
2635 3732 2848 3815 sigillo
2891 3730 2968 3793 fe·

739 3838 935 3904 cimus
981 3837 1147 3902 hanc
1193 3838 1495 3922 paginam
1539 3838 1830 3923 insigniri
1888 3845 1950 3905 et
2004 3840 2315 3923 presentis
2362 3839 2582 3923 scripti
2623 3836 2970 3922 patrocinio

736 3943 1121 4011 communiri.

912 4036 1312 4135 Data'sapud
1368 4052 1718 4137 Linariam,
1779 4072 1947 4118 anno
2001 4052 2177 4118 verbi
2232 4051 2543 4118 incarnati
2597 4048 2968 4131 MCXCVII,

734 4158 801 4222 II
844 4157 1155 4223 kalendas
1201 4160 1466 4243 augusti.

831 4314 899 4361 Ex
931 4315 1211 4375 autographo
1243 4316 1293 4361 in
1322 4315 1546 4362 tabulario
1580 4316 1895 4362 Garlsruhensi
1927 4318 2174 4363 asservato.
2223 4317 2429 4375 Sigillum
2461 4317 2681 4363 avulsum.
2725 4313 2972 4362 Ediderunt

871 4468 890 4475 a
909 4392 1115 4467 ‘psimgffl
1136 4394 1248 4451 Reg.
1264 4394 1459 4440 Badens.
1482 4395 1585 4441 154.
1633 4394 1929 4453 Wfirdtwein,
1949 4397 2071 4443 Mon.
2093 4397 2235 4444 Palat.
2257 4396 2334 4454 IV,
2357 4398 2433 4445 83.
2461 4420 2510 4429 —
2536 4394 2720 4455 Stumpf
2735 4394 2822 4441 No.
2838 4394 2968 4442 5073.
