3209 5434
1372 537 1454 602 13

295 700 417 769 lo,
507 694 672 769 Otto
711 693 762 768 Ι.
804 695 1198 792 imperator
1247 695 1614 793 episcopis
1653 699 1725 768 et
1753 695 2133 770 comitibus
2166 695 2523 771 Saxoniae

505 817 595 891 de
663 817 1217 893 inthronizando
1273 817 1666 893 Adalberto
1684 876 1702 910 ‚
1761 818 2313 917 archiepiscopo
2370 817 2522 894 Ma-

503 940 1032 1037 gadaburgensi
1088 941 1357 1017 scribit.
1455 941 1902 1038 (Auctumno
1962 941 2177 1038 968.)

467 1118 543 1181 In
587 1118 840 1183 nomine
897 1124 1155 1183 sanctae
1214 1124 1276 1183 et
1332 1117 1654 1198 individue
1712 1119 2024 1184 trinitatis.
2116 1118 2262 1184 Otto
2308 1117 2525 1182 divina

285 1220 539 1287 favente
565 1224 896 1289 clementia
918 1187 1256 1308 imperator
1268 1231 1587 1307 augustus.
1640 1223 1943 1290 Omnibus
1966 1224 2255 1290 fidelibus
2268 1222 2519 1305 nostriS,

286 1329 608 1412 episcopis
657 1329 897 1394 scilicet
950 1337 1012 1395 et
1056 1331 1384 1395 comitibus
1431 1330 1782 1432 ceterisque
1840 1329 2467 1414 comprovincialibus
2501 1324 2521 1410 ss

285 1435 522 1499 nostris
569 1443 890 1500 aeternam
937 1436 1000 1500 in
1047 1436 1319 1502 Domino
1371 1437 1637 1501 salutem
1684 1443 1746 1500 et
1792 1457 1973 1500 omne
2018 1436 2267 1501 bonum.
2358 1435 2523 1513 Quo·

284 1541 460 1604 niam
507 1548 906 1624 augmentum
953 1542 1149 1606 divini
1209 1542 1411 1606 cultus
1467 1543 1733 1607 salutem
1780 1547 1841 1606 61
1883 1547 2111 1606 statum
2156 1561 2299 1607 esse
2343 1540 2523 1623 regni

285 1646 390 1710 vel
446 1647 691 1730 imperii
752 1649 949 1712 nostri
1007 1648 1348 1730 credimus,
1408 1647 1645 1713 idcirco
1716 1648 1983 1730 cunctis,
2052 1648 2275 1730 quibus
2330 1666 2522 1730 posse

287 1753 594 1836 suppetit,
665 1753 872 1819 modis
941 1752 1062 1819 hoc
1131 1755 1518 1838 amplificare
1584 1753 1899 1820 tendimus
1959 1759 2021 1818 61
2066 1753 2517 1818 desideramus,

285 1858 487 1940 Igitur
515 1859 1091 1942 Magadaburgensi
1139 1860 1414 1938 civitate,
1462 1861 1625 1926 sicut
1668 1859 1940 1925 omnium
1972 1865 2319 1924 vestrorum
2348 1858 2522 1922 novit

287 1965 540 2046 caritas,
591 1964 1198 2049 archiepiscopalem
1231 1965 1448 2031 sedem
1476 1965 1613 2031 fieri
1646 1965 2099 2048 desiderantes,
2150 1971 2520 2048 oportunum

289 2070 478 2136 etiam
522 2090 689 2135 nunc
734 2073 1033 2156 temporis
1081 2071 1164 2136 ad
1206 2071 1329 2136 hoc
1370 2071 1801 2155 peragendum
1830 2078 2076 2155 tempus
2111 2071 2516 2152 invenientes,

289 2176 552 2241 consilio
599 2178 977 2243 venerabilis
1025 2177 1488 2261 archiepiscopi
1510 2178 1806 2242 Hattonis
1838 2183 1900 2242 et
1922 2176 2311 2241 Hildevvardi
2356 2177 2519 2260 epis-

287 2283 433 2366 copi
511 2288 980 2366 ceterorumque
1049 2283 1330 2349 fidelium
1409 2290 1764 2348 nostrorum
1831 2283 2034 2348 virum
2099 2283 2521 2348 venerabilem

284 2387 696 2453 Adalbertum
744 2389 1138 2474 episcopum,
1189 2389 1385 2473 Rugis
1433 2390 1582 2454 olim
1638 2388 2096 2472 predicatorem
2144 2388 2521 2453 destinatum

286 2499 350 2559 et
392 2494 670 2577 missum,
721 2495 1268 2579 archiepiscopum
1315 2501 1377 2560 et
1397 2496 1949 2598 metropolitanum
1992 2495 2180 2559 totius
2227 2494 2392 2559 ultra
2412 2494 2519 2558 Al-

283 2598 454 2663 biam
515 2606 576 2664 61
633 2601 847 2665 Salam
892 2601 1261 2666 Sclavorum
1315 2601 1522 2684 gentis
1578 2600 1767 2666 1116ᾱο
1827 2600 1911 2665 ad
1955 2589 2163 2665 Deum
2218 2618 2519 2680 converse

285 2706 388 2769 vel
436 2705 853 2787 convertende
897 2706 1034 2771 fieri
1081 2707 1499 2788 decrevimus,
1561 2707 1799 2789 pariter
1845 2712 1906 2771 et
1951 2707 2253 2789 elegimus
2266 2755 2283 2788 ,
2334 2725 2519 2788 quem

285 2817 348 2875 61
392 2812 655 2876 Romam
702 2832 817 2895 pro
864 2813 1060 2895 pallio
1120 2834 1160 2878 a
1207 2813 1437 2879 domno
1483 2833 1657 2896 papa
1703 2811 2106 2896 suscipiendo
2154 2811 2514 2877 direximus.

283 2917 366 2981 Et
409 2923 477 2981 ut
520 2917 638 2983 hec
679 2925 897 3010 nostra
942 2920 1164 2984 electio
1210 2919 1445 2984 firmior
1491 2925 1553 2984 61
1583 2918 1907 2984 subnixior
1951 2918 2077 3001 fiat,
2128 2937 2269 2982 eum
2314 2923 2519 2998 vestre

285 3023 530 3088 caritati
576 3023 920 3108 dirigimus,
973 3031 1034 3090 61
1079 3030 1146 3089 111
1193 3047 1232 3089 a
1275 3026 1454 3090 vobis
1502 3025 1789 3090 omnibus
1837 3029 1899 3104 et
1940 3043 2163 3088 vocum
2210 3024 2517 3088 acclama-

284 3129 454 3194 tione
512 3136 575 3194 et
631 3151 928 3195 manuum
973 3131 1322 3197 elevatione
1379 3131 1615 3196 electus
1685 3148 1795 3210 sue
1865 3129 2002 3194 sedi
2070 3129 2518 3194 inthronizetur

286 3235 658 3302 omnimodis
719 3236 1168 3302 desideramus.
1258 3238 1356 3302 Ne
1410 3227 1559 3301 vero
1617 3235 1735 3317 hec
1791 3235 1925 3319 ejus
1987 3235 2209 3300 electio
2269 3238 2372 3301 vel
2426 3235 2516 3298 in-

283 3341 654 3406 thronizatio
701 3341 922 3407 futuris
939 3392 956 3425 ,
1020 3342 1190 3425 quod
1236 3343 1430 3424 absit,
1481 3342 1866 3425 temporibus
1914 3340 2264 3422 aliquorum
2308 3344 2518 3407 valeat

285 3447 523 3528 invidia
567 3449 917 3531 molestari,
976 3455 1102 3514 tres
1160 3449 1240 3514 ab
1296 3449 1405 3513 illo
1455 3449 1791 3532 episcopos
1852 3467 2043 3511 unum
2088 3447 2511 3532 Merseburgo,

284 3553 548 3618 alterum
593 3554 818 3637 (litiae,
879 3556 1122 3620 tertium
1169 3555 1372 3635 Misne
1417 3555 1483 3618 in
1528 3553 1850 3639 presentia
1906 3554 2255 3636 legatorum
2302 3554 2515 3619 domni

283 3678 448 3743 pape
479 3665 540 3724 et
569 3665 780 3725 vestra
809 3661 1095 3726 volumus
1128 3661 1424 3743 ordinari,
1462 3666 1530 3724 ut
1558 3659 1677 3740 hec
1708 3658 1929 3724 eadem
1959 3660 2278 3742 presentia
2305 3665 2517 3726 vestra

283 3771 429 3830 ante
457 3767 663 3831 Deum
709 3772 771 3830 et
815 3774 1068 3833 sanctos
1115 3768 1250 3852 ejus
1292 3766 1656 3832 intentionis
1687 3771 1899 3846 nostre
1939 3765 2021 3830 sit
2065 3766 2242 3830 testis
2288 3765 2510 3831 futura.

283 3873 364 3935 Et
408 3872 559 3953 quia
603 3872 698 3937 vir
753 3873 1128 3939 venerabilis
1175 3875 1344 3938 Boso
1390 3875 1651 3937 multum
1684 3871 1823 3957 jam
1866 3872 1930 3936 in
1989 3871 2211 3936 eadem
2259 3872 2514 3937 Sclavo-

284 3997 419 4042 rum
487 3983 673 4060 gente
741 3978 826 4043 ad
870 3979 1073 4044 Deum
1143 3978 1566 4044 convertenda
1622 3978 1903 4059 sudavit,
1962 3978 2123 4043 inter
2167 3978 2513 4044 Mersebur-

282 4102 542 4166 gensem
589 4089 652 4148 et
697 4084 1074 4149 Citicensem
1121 4087 1514 4168 aecclesiam,
1566 4104 1755 4169 quam
1785 4084 1952 4166 velit,
2003 4083 2373 4150 electionem
2403 4083 2513 4148 ha-

281 4185 453 4271 beat,
515 4189 716 4254 altera
772 4210 922 4255 vero
981 4190 1324 4255 secundum
1380 4189 1883 4256 convenientiam
1939 4195 2219 4255 nostram
2275 4189 2340 4253 in
2388 4190 2513 4256 dis-

281 4294 655 4377 positionem
704 4295 1164 4380 archiepiscopi
1193 4296 1393 4362 nostri
1422 4295 1625 4361 cedat.
1703 4296 1835 4360 Vos
1880 4302 2087 4360 autem
2115 4296 2513 4363 marchiones

283 4406 548 4483 nostros,
597 4400 988 4486 Wigbertum
1034 4402 1291 4485 scilicet,
1340 4403 1709 4486 Wiggerum
1753 4407 1816 4468 et
1858 4402 2270 4468 Guntherium
2313 4404 2512 4470 fideli-
