3209 5434
1309 519 1396 585 59

550 678 885 762 Philippus
917 679 1334 744 cancellarius
1365 680 1508 745 vice
1536 678 1861 745 Adelberti
1891 654 2242 764 Mogonfini
2273 680 2474 745 archi-

658 786 1021 850 cancellarii
1066 786 1424 869 recognovi.

230 924 394 990 Acta
462 932 605 991 sunt
670 898 789 1008 hec
847 923 1023 991 'anno
1095 926 1405 1008 dominice
1468 926 1921 992 incarnationis
1978 929 2309 1012 MOXXV,
2381 930 2472 993 in-

230 1032 508 1096 dictione
553 1034 668 1115 ΠΙ,
721 1032 871 1097 (1313
916 1032 1259 1116 Argentine
1304 1034 1395 1099 VI
1441 1034 1584 1098 idus
1627 1035 1914 1099 ‚Ianuarii
1958 1034 2223 1100 feliciter
2269 1056 2467 1105 amen.

324 1171 391 1218 Ex
424 1172 703 1231 autographo
735 1173 783 1218 in
816 1172 1017 1218 archivio
1052 1172 1365 1219 Carlsruhensi
1397 1174 1645 1219 asservato.
1703 1172 1909 1231 Sigillum
1952 1174 2171 1221 avulsum.
2223 1174 2474 1221 Ediderunt

416 1249 607 1309 Diimge„
638 1251 751 1309 Reg.
771 1252 969 1298 Badens.
992 1252 1099 1298 127.
1145 1253 1363 1310 Neugart,
1396 1252 1507 1299 God.
1529 1252 1642 1311 dipl.
1662 1252 1806 1298 Alem.
1828 1252 1884 1307 11,
1911 1254 1985 1299 59.
2027 1253 2256 1312 Herrgott,
2291 1254 2474 1300 Geneal.

416 1330 588 1377 Habsb.
614 1331 670 1388 11,
699 1332 805 1379 137.
846 1356 895 1364 -
932 1331 1143 1389 Bobmer,
1174 1345 1269 1390 reg.
1293 1333 1406 1393 imp.
1434 1333 1571 1378 2090.
1622 1331 1807 1393 Stumpf
1833 1334 1970 1381 3205.

231 1657 359 1727 42.
444 1651 825 1728 Lotharius
874 1653 988 1728 III.
1062 1678 1193 1729 rex
1276 1654 1780 1730 concambium
1860 1654 2220 1753 quoddam
2281 1656 2473 1731 inter

448 1778 795 1853 ecclesias
830 1778 1546 1874 Richenbergensem
1601 1784 1674 1854 et
1723 1777 2257 1855 Goslariensem
2295 1804 2469 1857 con-

444 1903 698 1978 firmat.
794 1909 1019 1997 1129,
1074 1903 1249 1978 Juni
1293 1908 1411 1977 17.
1500 1901 1843 1995 Goslarie.

412 2062 478 2127 C.
552 2064 627 2127 In
684 2056 934 2128 nomine
989 2009 1239 2159 sanct&
1271 2069 1333 2127 et
1396 2029 2083 2150 111111ν1ᾶ11ῗ11111113116.
2178 2066 2230 2128 L
2234 1991 2469 2146 ogrius

230 2168 354 2232 Dei
399 2168 649 2262 favente
693 2171 1025 2235 elementia
1068 2170 1298 2234 tercius
1329 2170 1754 2234 Romanorum
1784 2191 1896 2234 rex
1943 2171 2406 2257 invictissimus
2418 2166 2474 2254 ἷξ

232 2274 393 2353 Quia
438 2276 619 2359 regni
663 2277 787 2341 mei
834 2256 1438 2342 administrationem
1471 2247 1654 2370 Beck
1681 2257 2068 2359 gubernante
2115 2255 2495 2362 dispensari

231 2381 417 2465 cupio
464 2389 527 2447 et
570 2383 979 2449 humilitatem
1025 2404 1234 2449 11163111
1278 2390 1455 2448 661116
1503 2402 1614 2464 6116
1661 2384 2066 2467 protectionis
2113 2385 2470 2450 obumbrari

159 2505 201 2556 5
230 2495 490 2572 exopto,
553 2490 895 2556 ministerio
958 2490 1095 2575 ejus
1152 2510 1369 2555 omnes
1429 2490 1655 2555 devote
1708 2491 2070 2556 insistentes
2122 2491 2468 2557 visceribus

230 2596 508 2660 caritatis
556 2597 961 2681 amplectens,
1018 2597 1287 2663 fideliter
1331 2596 1552 2661 fovens
1567 2600 1583 2667 ll
1600 2598 1680 2661 ob
1726 2618 2002 2662 amorem
2049 2618 2227 2674 suum
2275 2600 2468 2664 omni-

180 2702 435 2767 ·»modis
493 2724 751 2787 semper,
800 2706 1333 2770 consolationibus
1404 2705 1765 2769 sublevabo,
1859 2704 1954 2769 Sit
2009 2706 2198 2788 igitur
2253 2712 2467 2771 notum

230 2810 517 2874 omnibus
558 2810 787 2875 Christi
833 2811 1142 2894 fidelibus,
1192 2818 1321 2876 13111
1367 2811 1588 2876 futuris
1623 2831 1811 2893 quam
1837 2812 2250 2896 presentibus,
2300 2813 2468 2895 quod

229 2936 372 2981 cum
420 2917 731 2983 sententia
786 2919 908 2983 mei
966 2938 1314 2984 consensus
1360 2919 1674 3004 Eilbertus
1723 2917 2179 3002 Goslariensis)
2204 2920 2468 3001 ecclesie

162 3052 191 3089 ω
228 3024 583 3107 prepositus
647 3030 708 3089 et
762 3023 1092 3112 Lindolfus
1150 3025 1257 3090 de
1287 2996 1789 3148 Waletingeroth
1857 3024 2139 3109 ejusdem
2203 3027 2467 3107 ecclesie

228 3129 579 3195 advocatus
625 3131 1162 3215 Bichenbergensi
1214 3131 1477 3213 ecclesie
1523 3107 1780 3207 racione
1833 3132 2332 3197 commutationis
2378 3132 2466 3196 al-

204 3235 465 3301 lodium
530 3238 876 3319 quoddam,
948 3245 1141 3302 totam
1211 3237 1503 3303 videlicet
1568 3239 1785 3306 villam
1843 3238 2255 3322 Botingeroth
2324 3258 2466 3303 cum

228 3343 517 3407 omnibus
585 3344 953 3409 utilitatibus
1023 3344 1107 3409 ad
1176 3361 1315 3409 eam
1382 3344 1865 3428 pertinentibuS,
1952 3346 2124 3428 agris
2205 3346 2460 3428 scilicet,

228 3449 435 3532 silvis,
485 3452 709 3534 pratis,
770 3452 1027 3536 pascuis
1038 3502 1055 3534 ,
1117 3452 1299 3534 aquis
1346 3471 1730 3533 aquarumve
1778 3451 2171 3535 decursibus,
2229 3456 2464 3519 molen-

145 3578 183 3616 <
228 3556 395 3620 dinis
443 3562 505 3620 et
549 3557 708 3623 duos
752 3578 1011 3623 mansos
1058 3558 1123 3622 in
1158 3558 1621 3646 Hanenthorp
1604 3580 1668 3621 1n
1699 3559 2022 3641 proprium
2051 3559 2461 3643 tradiderunt,

219 3685 305 3729 63
351 3663 643 3728 videlicet
695 3666 1305 3748 recompensatione,
1370 3661 1437 3728 ut
1484 3664 1847 3749 Gerhardus
1893 3664 2463 3749 Richenbergensis

222 3744 581 3855 ρι(61)ο611116
630 3778 691 3835 61
734 3771 1066 3855 Hugoldus
1114 3770 1249 3856 ejus
1297 3770 1642 3836 advocatus
1688 3778 1881 3836 totum
1928 3771 2243 3857 predium,
2293 3773 2463 3857 quod

227 3857 451 3941 eadem
496 3878 1065 3962 Eichenbergensis
1113 3878 1382 3960 ecclesia
1425 3879 1802 3961 possederat
1845 3880 1909 3943 in
1954 3880 2135 3962 villa,
2198 3899 2317 3962 que
2361 3881 2463 3959 Li-

224 3983 514 4060 venstide
560 3984 802 4068 dicitur,
852 4006 1079 4051 novem
1124 3986 1367 4050 scilicet
1409 4005 1669 4050 mansos
1717 4006 1857 4050 cum
1904 3986 2190 4052 omnibus
2236 3988 2462 4052 utilita-

130 4115 183 4157 u
223 4091 416 4170 tibus¹
462 4091 545 4156 ad
601 4112 709 4157 eos
773 4092 1228 4176 pertinentibus
1297 4099 1359 4158 et
1417 4093 1743 4158 dimidium
1798 4091 2225 4157 molendinum
2275 4093 2463 4177 juxta

224 4218 368 4262 eum
423 4204 698 4264 montem
758 4200 973 4283 situm,
1034 4199 1141 4283 qui
1194 4199 1589 4282 Herseberch
1643 4205 1934 4282 vocatur,
1996 4200 2134 4264 vice
2190 4219 2460 4264 commu-

222 4304 478 4370 tationis
536 4324 646 4387 sue
702 4308 966 4388 ecclesie
1024 4306 1092 4371 in
1147 4312 1515 4391 perpetuam
1559 4307 2008 4391 proprietatem
2063 4312 2456 4391 reponerent.

220 4410 426 4496 Hujus
482 4412 694 4496 itaque
750 4413 1101 4480 concambii
1160 4414 1326 4479 actio
1392 4414 1461 4479 in
1519 4415 1839 4499 presentia
1904 4434 2047 4481 mea
2114 4414 2461 4480 secundum
