3209 5434
1337 538 1461 603 105

274 696 522 762 soribus
580 695 711 761 suis
766 716 970 781 usque
1026 697 1110 762 ad
1166 718 1431 783 presens
1487 705 1732 783 tempus
1781 698 1958 783 justa
2011 707 2074 766 et
2118 700 2328 784 quieta
2371 721 2516 786 pos-

274 803 563 869 sessione
620 804 756 869 sine
817 803 1226 870 diminutione
1283 812 1617 871 tenuerunt
1662 812 1723 871 et
1765 806 2212 891 possederunt,
2277 808 2398 873 sibi
2455 813 2518 874 et

274 910 625 975 aecclesiae
672 917 733 975 et
778 910 1030 976 ducatui
1077 911 1387 997 imperiali
1433 913 1808 979 vauctoritate
1854 920 1916 979 et
1958 915 2272 999 privilegii
2317 916 2516 981 nostri

271 1017 614 1082 munitione
660 1018 1032 1083 confirmare
1077 1017 1497 1102 dignaremur.
1572 1019 1736 1097 Quia
1765 1040 1914 1085 vero
1957 1021 2363 1087 rationabiles
2408 1043 2516 1107 pe-

270 1124 523 1189 titiones
574 1125 927 1208 supplicum
973 1109 1237 1191 libenter
1283 1126 1736 1210 amplectimur,
1787 1128 1892 1209 qui
1936 1127 2122 1192 etiam
2155 1149 2281 1194 non
2314 1130 2517 1213 rogati

260 1229 441 1315 justa
486 1231 766 1313 cogitare
813 1230 1142 1315 debemus,
1206 1232 1497 1298 definitas
1556 1254 1658 1299 res
1715 1234 1797 1298 ab
1854 1235 2128 1317 antiquis
2185 1236 2516 1320 imperato-

270 1338 473 1421 ribus,
539 1358 697 1421 quas
742 1344 953 1404 tamen
1003 1345 1250 1404 constat
1306 1340 1761 1405 rationabiliter
1806 1361 1949 1406 esse
1997 1340 2282 1408 decreta-s
2330 1349 2391 1408 et
2436 1344 2516 1409 ab

274 1444 590 1509 aecclesia
636 1444 976 1511 etducatu
1005 1446 1513 1530 wirzeburgensi
1557 1448 1946 1530 longissimis
1983 1450 2512 1535 possessionibuS,

272 1556 341 1615 ut
386 1556 447 1615 et
491 1552 855 1617 memoriam
912 1552 1233 1617 hominum
1292 1553 1632 1640 excedant,
1695 1554 2210 1638 irrefragabiliter
2264 1555 2514 1623 habitas

273 1663 337 1723 et
380 1658 660 1742 usitatas,
708 1661 887 1725 nulla
929 1662 1217 1728 volumus
1248 1660 1547 1746 deinceps
1595 1662 2000 1743 ambiguitate
2030 1662 2316 1747 titubare,
2368 1664 2517 1747 quia

274 1764 457 1830 decet
502 1766 747 1831 firmum
795 1787 1043 1852 semper
1088 1767 1419 1853 existeres
1450 1767 1621 1852 quod
1675 1768 2046 1851 antiquitate
2105 1776 2166 1833 et
2225 1768 2517 1836 diuturna

271 1873 679 1957 possessione
726 1873 1226 1958 commendatur,
1277 1895 1394 1940 nec
1440 1876 1654 1960 priora
1700 1892 2003 1957 quassare
2048 1876 2359 1960 valemus,
2410 1878 2516 1942 ubi

272 1978 468 2044 nichil
514 1986 638 2064 est,
690 1980 860 2063 quod
906 1981 1219 2064 corrigere
1265 1980 1636 2047 debeamus:
1685 1981 1835 2047 inde
1883 1988 2005 2066 est,
2057 1983 2226 2066 quod
2271 1984 2515 2068 presa-to

270 2086 551 2153 Heroldo
596 2088 941 2153 venerabili
994 2088 1296 2173 episcopo
1354 2089 1614 2171 suisque
1667 2090 2136 2155 successoribus
2183 2091 2249 2155 in
2294 2110 2516 2175 perpe·
2567 2086 2571 2091 ’

270 2199 445 2258 tuum
489 2216 603 2279 pro
650 2193 801 2259 fidei
848 2214 1001 2261 suae
1047 2201 1108 2260 et
1154 2196 1591 2279 obsequiorum
1633 2195 1936 2280 preclaris
1968 2197 2205 2262 meritis
2239 2204 2301 2263 et
2329 2198 2516 2263 inter-

271 2307 461 2366 ventu
492 2301 939 2385 sacri-collegii
971 2300 1295 2386 predictae
1328 2304 1696 2387 aecclesiae,
1748 2304 1924 2389 cujus
1958 2303 2206 2370 devotio
2238 2306 2514 2390 pectoris

270 2408 472 2473 nostri
540 2409 965 2493 penetralibus
1033 2408 1278 2475 inheret
1344 2430 1422 2475 ac
1489 2411 1827 2476 liberorum
1896 2417 1958 2477 et
2014 2412 2514 2479 ministerialium

271 2514 594 2581 indefessa
640 2518 1101 2601 supplicatione
1148 2517 1379 2583 devicti
1428 2517 1651 2582 damus
1710 2524 1773 2583 et
1819 2517 2222 2583 concedimus
2269 2526 2330 2585 et
2374 2541 2512 2605 pre-

272 2622 469 2689 sentis
518 2612 832 2708 privilegii
876 2626 1218 2690 munimine
1253 2625 1694 2690 confirmamus
1726 2646 1974 2690 omnem
2007 2626 2513 2710 jurisdictionem

272 2750 387 2795 seu
442 2732 697 2815 plenam
754 2737 1156 2816 potestatem>
1186 2731 1462 2797 faciendi
1499 2731 1824 2817 justiciam
1870 2752 1985 2817 per
2028 2738 2224 2797 totum
2271 2733 2514 2818 episco-

270 2842 488 2923 patum
534 2843 596 2903 et
641 2837 937 2904 ducatum
983 2840 1573 2923 wirzeburgensem
1622 2844 1684 2903 et
1727 2859 1840 2923 per
1887 2859 2104 2903 omnes
2152 2836 2514 2925 cometias¹)

271 2944 338 3010 in
386 2944 608 3010 eodem
656 2946 1027 3031 episcopatu
1073 2947 1176 3012 vel
1222 2945 1453 3011 ducatu
1501 2946 1658 3011 sitas
1706 2944 1786 3011 de
1817 2946 2064 3030 rapinis.
2089 2951 2151 3010 et
2179 2946 2509 3031 incendiiS,

272 3051 354 3116 de
401 3052 650 3117 allodiis
697 3059 759 3117 et
813 3053 1164 3137 beneficiis,
1224 3052 1305 3119 de
1361 3052 1718 3117 hominibus
1777 3057 1839 3117 et
1895 3052 1975 3117 de
2034 3052 2315 3118 vindicta
2369 3074 2512 3118 san-

270 3158 511 3242 guinis3
560 3165 901 3225 statuentes
949 3160 1259 3245 imperiali
1304 3160 1675 3224 auctoritate
1721 3164 1782 3224 et
1828 3160 1969 3242 lege
2009 3165 2312 3243 perpetuo
2357 3161 2510 3226 vali-

269 3272 413 3330 tura
457 3265 883 3350 decernentes,
934 3288 1014 3333 ne
1060 3266 1275 3349 aliqua
1306 3266 1783 3331 aecclesiastica
1813 3266 2193 3332 secularisve
2238 3288 2512 3359 persona

270 3373 487 3455 aliqua
539 3374 904 3438 temeritatis
970 3374 1439 3458 presumptione
1501 3378 1721 3438 contra
1774 3372 2059 3437 instituta
2117 3373 2513 3457 antiquorum

268 3480 653 3565 principum,
716 3487 936 3545 contra
980 3480 1338 3547 diuturnam
1384 3486 1445 3545 et
1479 3479 1720 3565 justam
1765 3481 2232 3564 possessionem
2277 3483 2512 3574 Wirze-

268 3588 601 3670 burgensis
649 3588 999 3653 aecclesiae
1056 3594 1118 3654 et
1174 3594 1393 3653 nostra
1447 3586 1885 3653 intemeranda
1929 3586 2184 3653 decreta
2226 3590 2507 3674 veniens,

268 3714 385 3779 per
440 3700 638 3759 totum
682 3695 1270 3777 wirzeburgensem
1330 3696 1763 3779 episcopatum
1823 3700 1884 3758 et
1941 3693 2233 3759 ducatum
2292 3703 2354 3761 et
2409 3716 2510 3761 co-

267 3800 493 3865 metias
510 3796 557 3883 ¹)
602 3799 769 3865 infra
811 3802 1111 3867 terminos
1159 3802 1563 3885 episcopatus
1593 3802 1696 3866 vel
1737 3800 2001 3865 ducatus
2047 3802 2203 3867 sitas
2239 3802 2510 3886 judicia-

268 3908 429 3972 riam
472 3913 847 3992 potestatem
893 3908 973 3974 de
1018 3908 1233 3992 predis
1279 3908 1382 3976 vel
1438 3907 1769 3990 incendjiS,
1820 3912 1927 3972 aut
1971 3906 2052 3973 de
2097 3908 2348 3975 allodiis
2396 3930 2510 3975 seu

266 4014 588 4080 beneficiis
637 4014 777 4079 sive
821 4006 1200 4080 hominibus
1225 4014 1525 4100 deinceps
1572 4020 1892 4099 exerceat,
1954 4016 2076 4080 nisi
2129 4016 2300 4081 solus
2347 4016 2509 4081 Wir-

268 4121 672 4205 zeburgensis
719 4121 1057 4206 episcopus
1105 4128 1167 4187 et
1212 4121 1367 4205 dux,
1429 4122 1531 4187 vel
1589 4121 1691 4186 cui
1736 4122 1874 4205 ipse
1921 4122 2326 4205 commiserit,
2387 4122 2509 4189 hoc

269 4234 565 4313 exceptO,
628 4227 801 4311 quod
847 4228 1105 4294 comites
1153 4228 1233 4294 de
1276 4229 1491 4294 liberis
1536 4227 1926 4311 hominibus,
1982 4229 2090 4312 qui
2133 4230 2326 4312 vulgo
2372 4229 2510 4295 bar-

446 4456 488 4519 l)
527 4454 777 4509 comitiae
812 4455 877 4509 Β.
