3209 5434
1339 538 1463 603 157

598 664 860 780 Signum
906 690 1026 779 (M)
1073 694 1287 762 domni
1333 696 1752 763 Karlomanni
1795 696 2065 781 piissimi
2111 696 2299 781 regisL

555 802 800 873 -Baldo
849 803 1264 869 cancellarius
1310 802 1393 868 ad
1439 803 1643 869 vicem
1689 803 2041 869 Thiotmari
2084 803 2517 889 archicappel-

701 909 834 973 lani
877 909 1220 993 recognovi
1266 915 1328 974 et
1372 909 1737 994 subscripsi.
1808 904 1901 993 (S.
1935 904 2042 993 R.)
2084 904 2183 994 (L.
2220 904 2317 993 S.)

272 1031 446 1120 Data
489 1031 593 1097 ΙΙΙ
632 1052 834 1097 nonas
883 1033 1270 1115 Decembris,
1295 1086 1300 1091 .
1327 1053 1494 1099 anno
1541 1032 1791 1099 Christo
1837 1033 2110 1118 propitio
2156 1035 2256 1099 ΙΙΙ
2300 1032 2516 1099 domni

274 1138 691 1205 Karlomanni
737 1140 1125 1205 serenissimi
1169 1139 1338 1222 regis
1383 1140 1449 1203 in
1495 1140 1793 1205 Bawaria
1836 1146 1899 1205 et
1944 1141 2010 1204 II
2053 1140 2119 1205 in
2163 1141 2367 1224 Italia,
2424 1140 2517 1205 in-

276 1244 552 1311 dictione
580 1247 696 1312 XI.
765 1246 995 1312 Actum
1026 1245 1112 1311 ad.
1139 1246 1530 1311 Rantesdorf
1551 1253 1726 1313 curte
1755 1246 1950 1331 regia.
2001 1248 2077 1312 In
2108 1248 2231 1313 Dei
2261 1248 2517 1314 nomine

272 1350 538 1417 feliciter
582 1374 784 1421 amen.

367 1488 436 1538 Ex
467 1492 746 1551 autographo
777 1492 828 1538 in
857 1491 1080 1538 tabulario
1113 1492 1238 1550 regio
1258 1491 1522 1539 Monacensi
1543 1493 1790 1539 asservato.
1838 1490 1989 1549 sigini
2005 1490 2267 1551 inscriptio:
2302 1490 2514 1537 GARLO·

459 1570 632 1617 MANN
663 1570 796 1617 REX.
843 1570 966 1617 Edit.
987 1570 1293 1644 MQu‘flffilssP„
1311 1572 1436 1642 Boio.
1457 1571 1680 1643 XXVIlI⁸‚
1702 1574 1794 1645 63⁸,
1825 1571 1959 1628 Ried,
1992 1570 2101 1618 eod.
2124 1570 2360 1618 Ratisbon.
2386 1570 2420 1627 1,
2438 1570 2515 1618 57.

459 1650 564 1707 Pet,
595 1650 854 1697 Thesaurus
885 1650 922 1707 Ι,
944 1652 988 1708 3,
1023 1652 1098 1697 27.
1136 1674 1185 1683 -
1222 1650 1433 1707 Bohmer,
1463 1650 1576 1710 Reg.
1602 1650 1749 1698 carol.
1776 1652 1884 1699 869.

281 1899 457 1969 100.
513 1891 924 1969 Ludovicus
992 1894 1227 1969 infans
1295 1892 1736 1969 monasterio
1800 1892 2287 1993 Wizzunpurc
2364 1897 2513 1968 tres
2622 2006 2628 2011 ·

513 2017 740 2094 hobas
778 2018 855 2092 in
879 2018 1052 2093 villa
1075 2018 1436 2095 Hasalach
1463 2018 1637 2093 sitas
1677 2017 1916 2094 donat.
1976 2021 2151 2111 902,
2188 2016 2402 2093 Febr.
2440 2022 2509 2093 5.

511 2142 979 2240 Argentinae.
1015 2170 1046 2197 ψ·

334 2356 338 2361 ,
454 2301 522 2368 G.
593 2302 669 2367 In
714 2303 975 2376 nomine¹
1013 2308 1272 2368 sanctae
1320 2307 1382 2367 et
1410 2300 1775 2366 individuae
1804 2299 2117 2365 trinitatis.
2188 2299 2515 2365 Hludowi—

271 2426 386 2473 cus
435 2406 651 2474 divina
684 2408 937 2475 favente
969 2408 1301 2475 clementia
1331 2429 1461 2474 rex,
1534 2408 1796 2474 Noverit
1828 2402 2149 2491 gnerale¹)
2180 2407 2515 2490 collegium

165 2595 178 2602 ἱ
273 2515 553 2580 omnium
597 2515 877 2581 fidelium
921 2522 1274 2581 nostrorum
1305 2515 1336 2592 ΙΙ
1365 2515 1793 2599 praesentium
1838 2514 2081 2579 scilicet
2124 2520 2313 2596 atque
2356 2514 2515 2579 futu-

269 2641 502 2705 rorum,
551 2624 700 2706 quia
743 2623 954 2689 Hatho
1001 2622 1378 2689 venerabilis
1419 2621 1934 2705 archiepiscopus
1964 2641 2079 2704 per
2110 2620 2515 2705 supplicatio·

268 2748 418 2793 nem
462 2727 740 2794 fidelium
770 2716 1146 2813 nostrorum,
1195 2728 1554 2813 Salomonis
1590 2726 1887 2793 videlicet
1915 2727 2217 2812 episcopi,
2268 2726 2515 2792 Ghuon·

269 2835 394 2900 rati
439 2841 501 2900 et
529 2836 864 2920 Purgharti
875 2830 928 2920 ²)
973 2836 1267 2902 comitum
1312 2840 1604 2920 precatus
1652 2840 1748 2899 est
1786 2834 2181 2899 clementiam
2210 2838 2512 2916 nostram,

268 2947 340 3006 ut
385 2942 470 3006 ad
513 2944 980 3027 monasterium,
1031 2942 1200 3026 quod
1246 2942 1474 3006 dicitur
1519 2941 1953 3025 Wizzunpurc,
2006 2940 2107 3005 cui
2151 2940 2290 3023 ipse
2334 2959 2515 3024 prae·

269 3048 436 3115 senti
479 3052 761 3134 tempore
806 3069 1068 3135 praesse
1080 3042 1131 3130 ⁸)
1176 3048 1442 3131 videtur,
1500 3047 1812 3131 quasdam
1857 3067 1958 3112 res
1995 3046 2159 3131 juris
2205 3046 2403 3111 nostri
2448 3045 2515 3110 in

268 3175 441 3241 pago
488 3155 863 3240 Spiricowe,
911 3158 978 3221 in
1025 3155 1320 3221 comitatu
1367 3154 1758 3238 WalahoniS,
1808 3154 1874 3219 in
1919 3154 2073 3231 villa
2117 3172 2281 3235 quae
2311 3153 2515 3217 Hasa·

267 3262 418 3328 lach
463 3262 717 3347 dicitur,
777 3263 900 3329 hoc
947 3268 1044 3330 est
1087 3262 1288 3327 hobas
1333 3268 1491 3345 tres,
1547 3282 1665 3347 pro
1710 3266 1964 3325 nostrae
2008 3258 2317 3325 mercedis
2364 3277 2515 3341 aug-

266 3376 481 3435 mento
529 3369 1034 3436 concederemus.
1107 3370 1242 3435 Nos
1289 3389 1536 3453 quoque
1583 3368 1719 3453 ejus
1765 3367 2049 3451 petitioni
2094 3366 2361 3431 libenter
2405 3385 2515 3429 an·

267 3477 520 3543 nuimus
567 3484 629 3543 et
653 3459 773 3563 pro
805 3476 1082 3543 remedio
1114 3476 1364 3541 animae
1392 3482 1650 3541 nostrae
1678 3480 2131 3559 parentumque
2159 3477 2516 3537 nostrorum

267 3584 448 3669 ipsas
477 3583 680 3649 hobas
721 3604 864 3650 cum
905 3550 1198 3683 curtssbus,
1249 3582 1574 3665 aedificiis,
1626 3582 1978 3665 mancipiiS,
2026 3579 2271 3661 vinetis,
2320 3578 2508 3661 agris,
2545 3551 2631 3673 [Cf
2670 3577 2732 3618 ’λ
2754 3567 2899 3617 ”“”ν“’““

267 3690 490 3776 pratis,
539 3692 815 3776 pascuis,
867 3691 1065 3774 silviS,
1116 3690 1297 3773 aquis
1341 3708 1769 3773 aqua-rumque
1800 3687 2166 3753 decursibus
2200 3685 2514 3750 omnibus—

267 3817 393 3883 que
440 3797 856 3881 appendiciis,
909 3797 1208 3881 quaesitis
1257 3803 1318 3861 et
1363 3794 1772 3878 inquirendis,
1824 3794 1909 3859 ad
1953 3794 2129 3877 ipsas
2166 3791 2365 3857 hobas
2397 3791 2515 3856 rite

264 3904 724 3991 pertinentibus
762 3904 844 3969 ad
874 3903 1228 3988 praefatum
1259 3901 1588 3967 cenobium
1620 3900 2066 3986 perpetualiter
2095 3899 2161 3962 in
2190 3897 2515 3982 proprium

265 4011 664 4095 donavimus,
712 4002 1064 4095 undeque⁴)
1104 4010 1226 4073 hoc
1255 4013 1663 4093 praeceptum
1694 4005 2005 4072 conscribi
2025 4004 2351 4091 jussimus,
2398 4024 2515 4089 per

265 4117 444 4203 quod
490 4118 884 4185 decernimus
933 4123 1120 4200 atque
1154 4115 1470 4200 jubemus,
1519 4121 1588 4180 ut
1631 4114 1811 4198 ipsae
1854 4113 2013 4177 illuc*
2050 4132 2193 4177 cum
2222 4110 2511 4177 omnibus

449 4362 494 4427 ι)
529 4362 626 4417 sio.
663 4361 699 4415 1.
738 4360 1008 4430 generale.
1116 4319 1161 4427 ’ᾗ
1200 4356 1475 4427 εοιιδρειῑη
1512 4355 1847 4427 Purgloasti!
1957 4356 2002 4423 ⁸)
2040 4354 2137 4409 sio.
2175 4354 2210 4412 1.
2234 4367 2512 4425 praeesse.

262 4450 311 4513 ⁴)
349 4449 448 4505 sic.
485 4450 522 4505 l.
555 4449 812 4519 indeque.
