3209 5434
1815 494 1901 559 ‘14

736 651 855 719 lari
901 651 1067 717 hanc
1110 657 1347 737 nostre,
1368 650 1864 719 confirmationis
1909 652 2216 739 paginam
2251 652 2351 719 sas
2381 652 2464 719 sit
2493 651 2844 736 infringere
2887 653 3002 719 vel

736 758 797 825 ei
842 758 1054 843 aliquo
1100 758 1466 825 temeritatis
1514 778 1673 825 ausu
1719 761 2046 829 contraire.

917 883 1152 947 Datum
1197 882 1371 969 apud
1414 884 1668 951 Ulmam
1713 885 1846 951 ΠΠ
1890 883 2206 951 kalendas
2249 882 2507 971 Aprilis.

829 1021 899 1143 Elx
927 1021 1045 1069 libro
1079 1021 1182 1083 coip
1184 1022 1279 1069 ario
1300 1022 1521 1103 ὃιῑοαιςιῃ
1522 1024 1565 1071 si
1602 1022 1652 1071 in
1682 1024 1704 1069 t
1705 1024 1840 1071 cabul
1809 1024 1908 1071 ario
1941 1024 2092 1073 Oarlsr
2093 1024 2258 1073 uhensi
2287 1025 2522 1099 “umato
2553 1022 2590 1081 1,
2609 1023 2688 1071 41.
2739 1022 2994 1071 Ineditum.

876 1124 881 1135 .
956 1094 1011 1135 ¹,‘
1082 1114 1097 1135 a
1399 1110 1421 1155 γ

744 1296 866 1367 52.
950 1289 1330 1390 Philippus
1394 1292 1834 1370 monasterio
1908 1291 2344 1384 Salemensi‚
2425 1290 2684 1369 abbate
2749 1289 2988 1367 Eber-

950 1416 1199 1508 hard0,
1254 1415 1634 1516 praedium
1668 1408 1970 1493 Runstal
2019 1423 2338 1516 emptum
2389 1440 2434 1493 a
2485 1415 2812 1492 Conrado
2858 1416 2986 1489 ad-

951 1548 1212 1617 vocato
1252 1541 1342 1615 de
1384 1540 1882 1618 Swarcinberc
1921 1542 2317 1685 confirmat.
2392 1546 2620 1633 1208,
2657 1539 2876 1615 Febr.
2911 1546 2983 1615 6.

954 1689 1068 1765 ap.
1108 1666 1603 1762 Argentinam.

918 1825 1251 1912 Philippus
1284 1825 1597 1891 secundus
1647 1825 1864 1891 divina
1890 1826 2144 1893 favente
2181 1824 2514 1893 clementia
2555 1826 2985 1891 Romanorum

741 1952 854 2000 rex
902 1938 965 1999 et
1008 1952 1258 2019 semper
1302 1939 1624 2018 augustus.
1695 1933 2014 2000 Timorem
2057 1934 2246 2019 illius,
2295 1934 2404 2017 qui
2448 1952 2590 1999 cum
2619 1933 2756 1999 vult
2783 1932 2986 1999 aufert

738 2037 1028 2125 spiritum
1072 2040 1445 2126 principum,
1494 2046 1557 2106 et
1602 2040 1782 2126 cujus
1827 2047 1982 2107 nutu
2017 2042 2150 2107 vita
2179 2041 2534 2127 disponitur
2576 2039 2874 2122 humana,
2921 2044 2983 2105 et

738 2145 806 2213 in
863 2146 1043 2233 cujus
1098 2167 1291 2213 manu
1348 2153 1494 2213 sunt
1547 2148 1825 2213 omnium
1879 2153 2226 2233 potestates
2294 2153 2356 2215 et
2413 2146 2565 2231 jura
2623 2167 2976 2231 regnorum,

738 2274 853 2340 pre
899 2253 1097 2320 oculis
1144 2274 1394 2338 semper
1438 2254 1746 2320 habentes
1792 2254 1878 2320 ad
1921 2254 2175 2320 laudem
2205 2259 2268 2319 et
2297 2254 2567 2338 gloriam
2597 2253 2978 2319 sanctissimi

742 2360 839 2427 sui
885 2360 1156 2426 nominis
1170 2410 1189 2444 ,
1249 2360 1547 2444 quicquid
1601 2361 1762 2427 locis
1821 2361 2164 2445 religiosis,
2223 2360 2331 2427 ubi
2383 2380 2500 2445 per
2549 2360 2784 2426 electos
2831 2379 2977 2425 suos

743 2473 805 2534 et
848 2467 1042 2552 digne
1086 2467 1461 2533 famulantes
1506 2467 1724 2535 divina
1741 2467 1981 2553 jugiter
2012 2474 2382 2533 exercentur
2425 2466 2654 2552 officia,
2704 2466 2840 2533 siv-e
2867 2486 2979 2551 per
3095 2522 3097 2527 .

741 2595 859 2642 nos
904 2575 1080 2660 ipsos
1126 2575 1262 2641 sive
1306 2594 1421 2660 per
1466 2594 1876 2660 quoscunque
1919 2574 2142 2641 fideles
2188 2580 2438 2639 nostros
2494 2574 2828 2659 provenire
2869 2593 2976 2658 po-

740 2682 910 2765 terit,
969 2682 1038 2747 id
1097 2682 1235 2749 fieri
1254 2676 1301 2767 ι)
1354 2684 1642 2748 volumus
1700 2688 1762 2747 et
1819 2680 2253 2748 desideramus
2309 2700 2516 2748 rerum
2569 2680 2798 2746 effectu
2841 2680 2975 2747 sub-

743 2794 1060 2874 sequente.
1132 2789 1311 2855 Licet
1354 2789 1521 2855 enim
1552 2788 1672 2854 viri
1701 2788 1984 2873 religiosi
2027 2794 2236 2854 mente
2273 2794 2336 2853 et
2379 2787 2604 2873 spiritu
2647 2787 2972 2854 celestibus

742 2896 870 2962 sint
916 2896 1155 2980 intenti,
1205 2897 1355 2981 quia
1399 2902 1608 2961 tamen
1655 2896 1780 2981 ipsi
1825 2896 1964 2962 sine
2010 2895 2466 2962 sustentatione
2507 2914 2718 2959 rerum
2746 2900 2973 2979 tempo·

742 3003 985 3087 talium,
1034 3003 1197 3069 sicut
1240 3001 1547 3086 homines,
1599 3002 1707 3087 qui
1743 3003 1954 3069 adhuc
1983 3002 2149 3069 mole
2180 3002 2388 3067 carnis
2420 3000 2792 3084 detinentur,
2841 3020 2972 3066 esse

742 3130 871 3175 non
927 3116 1220 3195 possunt,
1287 3109 1588 3194 quicquid
1634 3129 1801 3175 nunc
1846 3110 2083 3175 habent
2125 3111 2228 3176 vel
2281 3109 2540 3174 inantea
2592 3128 2709 3193 per
2762 3108 2970 3174 fideles

744 3216 1122 3296 christianos
1169 3216 1473 3300 consequi
1528 3221 1850 3301 poterunt,
1910 3215 2178 3300 pacifice
2233 3221 2295 3299 et
2337 3215 2674 3300 tranquille
2721 3234 2832 3281 eos
2875 3234 2970 3280 vo·

742 3324 950 3389 lumus
997 3322 1355 3407 possidere,
1409 3329 1478 3407 ut
1520 3322 1664 3407 ipsi,
1716 3321 1865 3387 dum
1908 3323 2090 3388 liberi
2138 3327 2284 3388 sunt
2330 3344 2370 3389 a
2413 3324 2678 3388 tumultu
2725 3328 2788 3388 et
2831 3327 2968 3387 stre·

634 3415 642 3426 ¹
743 3429 881 3515 pitu
926 3448 1133 3495 rerum
1178 3429 1652 3513 mundanarum,
1703 3430 1820 3495 sub
1864 3435 2083 3494 sancto
2115 3430 2243 3495 otio
2273 3430 2619 3509 monastice
2650 3428 2968 3513 discipline

746 3543 811 3603 et
853 3536 1135 3602 viventes
1172 3536 1380 3620 quiete
1417 3537 1485 3601 in
1516 3541 1742 3601 sancta
1772 3536 2301 3620 contemplatione
2331 3542 2674 3603 creatorem
2702 3542 2966 3601 nostrum

744 3664 862 3731 pro
908 3644 1111 3709 salute
1155 3649 1375 3709 nostra
1418 3649 1481 3709 et
1523 3642 1642 3728 pro
1689 3648 1858 3709 statu
1903 3647 1965 3708 et
2009 3642 2308 3709 felicitate
2352 3650 2570 3709 nostra
2615 3648 2678 3709 et
2716 3642 2965 3709 Romani

744 3750 992 3836 imperii
1038 3749 1317 3836 expediti
1360 3749 1612 3836 possint
1641 3769 1923 3815 exorare.
2003 3748 2446 3833 Significamus
2475 3750 2668 3834 igitur
2695 3750 2963 3815 omnibus

744 3857 993 3942 imperii
1048 3856 1340 3923 fidelibus
1399 3861 1528 3923 tam
1584 3856 1899 3941 presentis
1945 3857 2130 3923 etatis
2184 3877 2376 3941 quam
2418 3856 2802 3942 posteritatis
2847 3875 2962 3921 suc-

746 3983 1032 4047 cessure,
1095 3962 1268 4048 quod
1323 3962 1589 4031 dilectus
1648 3969 1865 4031 noster
1917 3963 2310 4031 Ebirhardus
2370 3963 2569 4031 abbas
2637 3961 2719 4029 de
2773 3963 2960 4029 Salem

744 4091 861 4159 pro
929 4072 1308 4141 necessitate
1376 4075 1439 4137 et
1503 4069 1591 4137 ad
1649 4070 1981 4137 utilitatem
2047 4089 2161 4155 sue
2222 4071 2487 4155 ecclesie
2553 4076 2618 4137 et
2682 4068 2769 4137 ad
2830 4088 2957 4135 usus

745 4178 1010 4247 fratrum
1078 4197 1332 4245 suorum
1397 4178 1539 4245 Deo
1605 4177 1763 4246 inibi
1837 4177 2277 4245 famulantium
2343 4172 2444 4263 θ’)
2513 4176 2745 4245 dilecto
2808 4174 2976 4245 fide't‘.

924 4407 967 4472 .1)
1005 4401 1120 4458 fier.
1148 4402 1358 4459 Codex.
1498 4403 1544 4470 ²)
1581 4418 1683 4473 pro
1721 4402 1926 4459 Codex.
