<?xml version="1.0" encoding="UTF-8"?>
<!DOCTYPE html PUBLIC "-//W3C//DTD XHTML 1.0 Transitional//EN"
    "http://www.w3.org/TR/xhtml1/DTD/xhtml1-transitional.dtd">
<html xmlns="http://www.w3.org/1999/xhtml" xml:lang="en" lang="en">
 <head>
  <title>
</title>
<meta http-equiv="Content-Type" content="text/html;charset=utf-8" />
  <meta name='ocr-system' content='tesseract 3.04.00' />
  <meta name='ocr-capabilities' content='ocr_page ocr_carea ocr_par ocr_line ocrx_word'/>
</head>
<body>
  <div class='ocr_page' id='page_1' title='image "./diplomatacentum00bresgoog_0169.png"; bbox 0 0 3209 5434; ppageno 0'>
   <div class='ocr_carea' id='block_1_1' title="bbox 1392 526 1520 593">
    <p class='ocr_par' dir='ltr' id='par_1_1' title="bbox 1392 526 1520 593">
     <span class='ocr_line' id='line_1_1' title="bbox 1392 526 1520 593; baseline -0.008 0"><span class='ocrx_word' id='word_1_1' title='bbox 1392 526 1520 593; x_wconf 88' lang='grc'><strong>149</strong></span> 
     </span>
    </p>
   </div>
   <div class='ocr_carea' id='block_1_2' title="bbox 293 682 2571 1603">
    <p class='ocr_par' dir='ltr' id='par_1_2' title="bbox 293 682 2571 1603">
     <span class='ocr_line' id='line_1_2' title="bbox 327 682 2571 774; baseline 0.003 -27"><span class='ocrx_word' id='word_1_2' title='bbox 327 688 588 767; x_wconf 88' lang='lat' dir='ltr'><strong>propter</strong></span> <span class='ocrx_word' id='word_1_3' title='bbox 631 682 1015 750; x_wconf 79' lang='lat' dir='ltr'><strong>discordiam</strong></span> <span class='ocrx_word' id='word_1_4' title='bbox 1060 683 1210 750; x_wconf 92' lang='lat' dir='ltr'><strong>inde</strong></span> <span class='ocrx_word' id='word_1_5' title='bbox 1249 691 1468 769; x_wconf 84' lang='lat' dir='ltr'><strong>ortam,</strong></span> <span class='ocrx_word' id='word_1_6' title='bbox 1516 692 1649 751; x_wconf 87' lang='lat' dir='ltr'><strong>tum</strong></span> <span class='ocrx_word' id='word_1_7' title='bbox 1676 693 1935 772; x_wconf 90' lang='lat' dir='ltr'><strong>propter</strong></span> <span class='ocrx_word' id='word_1_8' title='bbox 1964 708 2177 754; x_wconf 89' lang='lat' dir='ltr'><strong>eorum</strong></span> <span class='ocrx_word' id='word_1_9' title='bbox 2206 689 2571 774; x_wconf 82' lang='lat' dir='ltr'><strong>petitionem</strong></span> 
     </span>
     <span class='ocr_line' id='line_1_3' title="bbox 327 788 2571 879; baseline 0.004 -26"><span class='ocrx_word' id='word_1_10' title='bbox 327 788 456 853; x_wconf 87' lang='lat' dir='ltr'><strong>illis</strong></span> <span class='ocrx_word' id='word_1_11' title='bbox 501 790 925 874; x_wconf 64' lang='lat' dir='ltr'><strong>concedimus»,</strong></span> <span class='ocrx_word' id='word_1_12' title='bbox 973 797 1042 855; x_wconf 90' lang='lat' dir='ltr'><strong>ut</strong></span> <span class='ocrx_word' id='word_1_13' title='bbox 1069 812 1276 875; x_wconf 92' lang='lat' dir='ltr'><strong>neque</strong></span> <span class='ocrx_word' id='word_1_14' title='bbox 1312 813 1448 877; x_wconf 86' lang='lat' dir='ltr'><strong>nos,</strong></span> <span class='ocrx_word' id='word_1_15' title='bbox 1500 815 1620 859; x_wconf 91' lang='lat' dir='ltr'><strong>nec</strong></span> <span class='ocrx_word' id='word_1_16' title='bbox 1659 795 1842 859; x_wconf 89' lang='lat' dir='ltr'><strong>heres</strong></span> <span class='ocrx_word' id='word_1_17' title='bbox 1873 802 2087 861; x_wconf 86' lang='lat' dir='ltr'><strong>noster</strong></span> <span class='ocrx_word' id='word_1_18' title='bbox 2115 816 2412 879; x_wconf 85' lang='lat' dir='ltr'><strong>umquam</strong></span> <span class='ocrx_word' id='word_1_19' title='bbox 2442 817 2571 861; x_wconf 91' lang='lat' dir='ltr'><strong>am-</strong></span> 
     </span>
     <span class='ocr_line' id='line_1_4' title="bbox 327 896 2569 986; baseline 0.004 -27"><span class='ocrx_word' id='word_1_20' title='bbox 327 896 494 980; x_wconf 89' lang='lat' dir='ltr'><strong>plius</strong></span> <span class='ocrx_word' id='word_1_21' title='bbox 540 896 915 981; x_wconf 80' lang='lat' dir='ltr'><strong>Compendii</strong></span> <span class='ocrx_word' id='word_1_22' title='bbox 968 905 1286 963; x_wconf 81' lang='lat' dir='ltr'><strong>monetam</strong></span> <span class='ocrx_word' id='word_1_23' title='bbox 1341 900 1478 965; x_wconf 90' lang='lat' dir='ltr'><strong>fieri</strong></span> <span class='ocrx_word' id='word_1_24' title='bbox 1533 899 1861 967; x_wconf 82' lang='lat' dir='ltr'><strong>faciamus.</strong></span> <span class='ocrx_word' id='word_1_25' title='bbox 1942 901 2068 967; x_wconf 85' lang='lat' dir='ltr'><strong>Sed</strong></span> <span class='ocrx_word' id='word_1_26' title='bbox 2128 903 2254 968; x_wconf 91' lang='lat' dir='ltr'><strong>illis</strong></span> <span class='ocrx_word' id='word_1_27' title='bbox 2312 904 2379 967; x_wconf 94' lang='lat' dir='ltr'><strong>in</strong></span> <span class='ocrx_word' id='word_1_28' title='bbox 2429 923 2569 986; x_wconf 89' lang='lat' dir='ltr'><strong>per-</strong></span> 
     </span>
     <span class='ocr_line' id='line_1_5' title="bbox 328 1004 2571 1094; baseline 0.004 -27"><span class='ocrx_word' id='word_1_29' title='bbox 328 1008 584 1088; x_wconf 88' lang='lat' dir='ltr'><strong>petuum</strong></span> <span class='ocrx_word' id='word_1_30' title='bbox 630 1004 990 1088; x_wconf 76' lang='lat' dir='ltr'><strong>annuimuS‚</strong></span> <span class='ocrx_word' id='word_1_31' title='bbox 1041 1011 1109 1070; x_wconf 90' lang='lat' dir='ltr'><strong>ut</strong></span> <span class='ocrx_word' id='word_1_32' title='bbox 1152 1006 1298 1070; x_wconf 90' lang='lat' dir='ltr'><strong>talis</strong></span> <span class='ocrx_word' id='word_1_33' title='bbox 1343 1014 1598 1072; x_wconf 89' lang='lat' dir='ltr'><strong>moneta</strong></span> <span class='ocrx_word' id='word_1_34' title='bbox 1642 1006 1729 1072; x_wconf 75' lang='lat' dir='ltr'><strong>ad</strong></span> <span class='ocrx_word' id='word_1_35' title='bbox 1772 1005 2171 1073; x_wconf 89' lang='lat' dir='ltr'><strong>medietatem</strong></span> <span class='ocrx_word' id='word_1_36' title='bbox 2214 1009 2302 1074; x_wconf 91' lang='lat' dir='ltr'><strong>ibi</strong></span> <span class='ocrx_word' id='word_1_37' title='bbox 2348 1029 2571 1094; x_wconf 90' lang='lat' dir='ltr'><strong>perpe-</strong></span> 
     </span>
     <span class='ocr_line' id='line_1_6' title="bbox 325 1111 2571 1198; baseline 0.003 -24"><span class='ocrx_word' id='word_1_38' title='bbox 325 1114 434 1174; x_wconf 89' lang='lat' dir='ltr'><strong>tuo</strong></span> <span class='ocrx_word' id='word_1_39' title='bbox 478 1112 790 1193; x_wconf 85' lang='lat' dir='ltr'><strong>mittatur,</strong></span> <span class='ocrx_word' id='word_1_40' title='bbox 835 1111 1044 1193; x_wconf 90' lang='lat' dir='ltr'><strong>qualis</strong></span> <span class='ocrx_word' id='word_1_41' title='bbox 1091 1119 1561 1178; x_wconf 87' lang='lat' dir='ltr'><strong>antecessorum</strong></span> <span class='ocrx_word' id='word_1_42' title='bbox 1607 1134 1859 1179; x_wconf 89' lang='lat' dir='ltr'><strong>suorum</strong></span> <span class='ocrx_word' id='word_1_43' title='bbox 1906 1116 2291 1198; x_wconf 82' lang='lat' dir='ltr'><strong>temporibus</strong></span> <span class='ocrx_word' id='word_1_44' title='bbox 2337 1115 2571 1181; x_wconf 87' lang='lat' dir='ltr'><strong>ibidem</strong></span> 
     </span>
     <span class='ocr_line' id='line_1_7' title="bbox 327 1217 2566 1305; baseline 0.003 -24"><span class='ocrx_word' id='word_1_45' title='bbox 327 1217 682 1282; x_wconf 79' lang='lat' dir='ltr'><strong>cucurrisse</strong></span> <span class='ocrx_word' id='word_1_46' title='bbox 748 1218 1168 1300; x_wconf 83' lang='lat' dir='ltr'><strong>cognoscitur.</strong></span> <span class='ocrx_word' id='word_1_47' title='bbox 1271 1218 1456 1298; x_wconf 85' lang='lat' dir='ltr'><strong>Quod</strong></span> <span class='ocrx_word' id='word_1_48' title='bbox 1523 1240 1605 1286; x_wconf 94' lang='lat' dir='ltr'><strong>ne</strong></span> <span class='ocrx_word' id='word_1_49' title='bbox 1674 1222 1886 1286; x_wconf 85' lang='lat' dir='ltr'><strong>valeat</strong></span> <span class='ocrx_word' id='word_1_50' title='bbox 1960 1221 2279 1303; x_wconf 86' lang='lat' dir='ltr'><strong>oblivione</strong></span> <span class='ocrx_word' id='word_1_51' title='bbox 2350 1222 2566 1305; x_wconf 87' lang='lat' dir='ltr'><strong>deleri,</strong></span> 
     </span>
     <span class='ocr_line' id='line_1_8' title="bbox 293 1322 2567 1412; baseline 0.003 -25"><span class='ocrx_word' id='word_1_52' title='bbox 293 1322 565 1407; x_wconf 76' lang='lat' dir='ltr'><strong>‘scripto</strong></span> <span class='ocrx_word' id='word_1_53' title='bbox 623 1323 1229 1409; x_wconf 76' lang='lat' dir='ltr'><strong>commendavimuS,</strong></span> <span class='ocrx_word' id='word_1_54' title='bbox 1302 1332 1365 1391; x_wconf 90' lang='lat' dir='ltr'><strong>et</strong></span> <span class='ocrx_word' id='word_1_55' title='bbox 1418 1348 1499 1392; x_wconf 92' lang='lat' dir='ltr'><strong>ne</strong></span> <span class='ocrx_word' id='word_1_56' title='bbox 1552 1328 1758 1411; x_wconf 88' lang='lat' dir='ltr'><strong>possit</strong></span> <span class='ocrx_word' id='word_1_57' title='bbox 1824 1348 1865 1393; x_wconf 91' lang='lat' dir='ltr'><strong>a</strong></span> <span class='ocrx_word' id='word_1_58' title='bbox 1918 1328 2189 1412; x_wconf 88' lang='lat' dir='ltr'><strong>posteris</strong></span> <span class='ocrx_word' id='word_1_59' title='bbox 2244 1327 2567 1412; x_wconf 85' lang='lat' dir='ltr'><strong>infirmari,</strong></span> 
     </span>
     <span class='ocr_line' id='line_1_9' title="bbox 325 1429 2569 1513; baseline 0.002 -18"><span class='ocrx_word' id='word_1_60' title='bbox 325 1429 522 1513; x_wconf 85' lang='lat' dir='ltr'><strong>sigilli</strong></span> <span class='ocrx_word' id='word_1_61' title='bbox 564 1430 764 1496; x_wconf 86' lang='lat' dir='ltr'><strong>nostri</strong></span> <span class='ocrx_word' id='word_1_62' title='bbox 810 1431 1181 1497; x_wconf 88' lang='lat' dir='ltr'><strong>auctoritate</strong></span> <span class='ocrx_word' id='word_1_63' title='bbox 1237 1439 1300 1499; x_wconf 92' lang='lat' dir='ltr'><strong>et</strong></span> <span class='ocrx_word' id='word_1_64' title='bbox 1353 1433 1625 1499; x_wconf 90' lang='lat' dir='ltr'><strong>nominis</strong></span> <span class='ocrx_word' id='word_1_65' title='bbox 1686 1435 1885 1499; x_wconf 86' lang='lat' dir='ltr'><strong>nostri</strong></span> <span class='ocrx_word' id='word_1_66' title='bbox 1940 1434 2273 1501; x_wconf 86' lang='lat' dir='ltr'><strong>karactere</strong></span> <span class='ocrx_word' id='word_1_67' title='bbox 2333 1434 2569 1500; x_wconf 87' lang='lat' dir='ltr'><strong>subter-</strong></span> 
     </span>
     <span class='ocr_line' id='line_1_10' title="bbox 321 1534 726 1603; baseline 0.005 -2"><span class='ocrx_word' id='word_1_68' title='bbox 321 1534 726 1603; x_wconf 64' lang='lat' dir='ltr'><strong>firmavimus</strong></span> 
     </span>
    </p>
   </div>
   <div class='ocr_carea' id='block_1_3' title="bbox 322 1655 2569 2156">
    <p class='ocr_par' dir='ltr' id='par_1_3' title="bbox 322 1655 2569 2156">
     <span class='ocr_line' id='line_1_11' title="bbox 503 1655 2565 1749; baseline 0.002 -22"><span class='ocrx_word' id='word_1_69' title='bbox 503 1662 738 1727; x_wconf 85' lang='lat' dir='ltr'><strong>Datum</strong></span> <span class='ocrx_word' id='word_1_70' title='bbox 797 1662 1080 1728; x_wconf 88' lang='lat' dir='ltr'><strong>Parisius</strong></span> <span class='ocrx_word' id='word_1_71' title='bbox 1137 1662 1412 1748; x_wconf 83' lang='lat' dir='ltr'><strong>publice,</strong></span> <span class='ocrx_word' id='word_1_72' title='bbox 1485 1682 1652 1729; x_wconf 88' lang='lat' dir='ltr'><strong>anno</strong></span> <span class='ocrx_word' id='word_1_73' title='bbox 1709 1664 2019 1729; x_wconf 86' lang='lat' dir='ltr'><strong>incarnati</strong></span> <span class='ocrx_word' id='word_1_74' title='bbox 2071 1665 2246 1730; x_wconf 89' lang='lat' dir='ltr'><strong>verbi</strong></span> <span class='ocrx_word' id='word_1_75' title='bbox 2298 1655 2565 1749; x_wconf 81' lang='lat' dir='ltr'>MCXX,</span> 
     </span>
     <span class='ocr_line' id='line_1_12' title="bbox 323 1763 2567 1856; baseline 0.002 -23"><span class='ocrx_word' id='word_1_76' title='bbox 323 1768 506 1853; x_wconf 85' lang='lat' dir='ltr'><strong>regni</strong></span> <span class='ocrx_word' id='word_1_77' title='bbox 549 1769 750 1835; x_wconf 87' lang='lat' dir='ltr'><strong>nostri</strong></span> <span class='ocrx_word' id='word_1_78' title='bbox 795 1770 977 1853; x_wconf 87' lang='lat' dir='ltr'>XIII,</span> <span class='ocrx_word' id='word_1_79' title='bbox 1025 1763 1378 1855; x_wconf 81' lang='lat' dir='ltr'><strong>Adelaydis</strong></span> <span class='ocrx_word' id='word_1_80' title='bbox 1425 1771 1684 1854; x_wconf 84' lang='lat' dir='ltr'><strong>reginae</strong></span> <span class='ocrx_word' id='word_1_81' title='bbox 1729 1772 1847 1854; x_wconf 88' lang='lat' dir='ltr'><strong>VI,</strong></span> <span class='ocrx_word' id='word_1_82' title='bbox 1904 1770 2299 1837; x_wconf 87' lang='lat' dir='ltr'><strong>adstantibus</strong></span> <span class='ocrx_word' id='word_1_83' title='bbox 2345 1772 2411 1836; x_wconf 92' lang='lat' dir='ltr'><strong>in</strong></span> <span class='ocrx_word' id='word_1_84' title='bbox 2456 1793 2567 1856; x_wconf 89' lang='lat' dir='ltr'><strong>pa-</strong></span> 
     </span>
     <span class='ocr_line' id='line_1_13' title="bbox 322 1870 2569 1963; baseline 0.002 -23"><span class='ocrx_word' id='word_1_85' title='bbox 322 1875 478 1941; x_wconf 88' lang='lat' dir='ltr'><strong>latio</strong></span> <span class='ocrx_word' id='word_1_86' title='bbox 557 1881 802 1960; x_wconf 89' lang='lat' dir='ltr'><strong>nostro,</strong></span> <span class='ocrx_word' id='word_1_87' title='bbox 895 1896 1159 1959; x_wconf 90' lang='lat' dir='ltr'><strong>quorum</strong></span> <span class='ocrx_word' id='word_1_88' title='bbox 1241 1870 1500 1943; x_wconf 77' lang='lat' dir='ltr'><strong>nomina</strong></span> <span class='ocrx_word' id='word_1_89' title='bbox 1578 1877 1943 1943; x_wconf 88' lang='lat' dir='ltr'><strong>subtitulata</strong></span> <span class='ocrx_word' id='word_1_90' title='bbox 2016 1883 2163 1943; x_wconf 89' lang='lat' dir='ltr'><strong>sunt</strong></span> <span class='ocrx_word' id='word_1_91' title='bbox 2243 1884 2306 1943; x_wconf 91' lang='lat' dir='ltr'><strong>et</strong></span> <span class='ocrx_word' id='word_1_92' title='bbox 2382 1878 2569 1963; x_wconf 85' lang='lat' dir='ltr'><strong>signa</strong></span> 
     </span>
     <span class='ocr_line' id='line_1_14' title="bbox 323 1980 2565 2069; baseline 0.002 -22"><span class='ocrx_word' id='word_1_93' title='bbox 323 1980 390 2047; x_wconf 89' lang='lat' dir='ltr'><strong>S.</strong></span> <span class='ocrx_word' id='word_1_94' title='bbox 425 1981 732 2066; x_wconf 88' lang='lat' dir='ltr'><strong>Stephani</strong></span> <span class='ocrx_word' id='word_1_95' title='bbox 778 1981 1064 2068; x_wconf 81' lang='lat' dir='ltr'><strong>dapiferi.</strong></span> <span class='ocrx_word' id='word_1_96' title='bbox 1115 1982 1178 2049; x_wconf 89' lang='lat' dir='ltr'><strong>S.</strong></span> <span class='ocrx_word' id='word_1_97' title='bbox 1215 1982 1552 2050; x_wconf 82' lang='lat' dir='ltr'><strong>Gisleberti</strong></span> <span class='ocrx_word' id='word_1_98' title='bbox 1581 1983 1953 2049; x_wconf 89' lang='lat' dir='ltr'><strong>buticularii.</strong></span> <span class='ocrx_word' id='word_1_99' title='bbox 2005 1984 2068 2052; x_wconf 87' lang='lat' dir='ltr'><strong>S.</strong></span> <span class='ocrx_word' id='word_1_100' title='bbox 2095 1985 2386 2069; x_wconf 87' lang='lat' dir='ltr'><strong>Hugonis</strong></span> <span class='ocrx_word' id='word_1_101' title='bbox 2420 2006 2565 2051; x_wconf 88' lang='lat' dir='ltr'><strong>con-</strong></span> 
     </span>
     <span class='ocr_line' id='line_1_15' title="bbox 323 2081 1572 2156; baseline 0.002 -3"><span class='ocrx_word' id='word_1_102' title='bbox 323 2088 666 2155; x_wconf 89' lang='lat' dir='ltr'><strong>stabularii.</strong></span> <span class='ocrx_word' id='word_1_103' title='bbox 740 2090 804 2156; x_wconf 89' lang='lat' dir='ltr'><strong>S.</strong></span> <span class='ocrx_word' id='word_1_104' title='bbox 837 2081 1177 2156; x_wconf 88' lang='lat' dir='ltr'><strong>Widdonis</strong></span> <span class='ocrx_word' id='word_1_105' title='bbox 1227 2090 1572 2156; x_wconf 84' lang='lat' dir='ltr'><strong>camerarii.</strong></span> 
     </span>
    </p>
   </div>
   <div class='ocr_carea' id='block_1_4' title="bbox 499 2214 1903 2299">
    <p class='ocr_par' dir='ltr' id='par_1_4' title="bbox 499 2214 1903 2299">
     <span class='ocr_line' id='line_1_16' title="bbox 499 2214 1903 2299; baseline 0.001 -20"><span class='ocrx_word' id='word_1_106' title='bbox 499 2214 671 2279; x_wconf 87' lang='lat' dir='ltr'><strong>Data</strong></span> <span class='ocrx_word' id='word_1_107' title='bbox 713 2234 827 2299; x_wconf 90' lang='lat' dir='ltr'><strong>per</strong></span> <span class='ocrx_word' id='word_1_108' title='bbox 869 2234 1126 2280; x_wconf 85' lang='lat' dir='ltr'><strong>manum</strong></span> <span class='ocrx_word' id='word_1_109' title='bbox 1170 2214 1476 2299; x_wconf 89' lang='lat' dir='ltr'><strong>Stephani</strong></span> <span class='ocrx_word' id='word_1_110' title='bbox 1522 2214 1903 2281; x_wconf 88' lang='lat' dir='ltr'><strong>cancellarii.</strong></span> 
     </span>
    </p>
   </div>
   <div class='ocr_carea' id='block_1_5' title="bbox 371 2368 2563 2510">
    <p class='ocr_par' dir='ltr' id='par_1_5' title="bbox 371 2368 2563 2510">
     <span class='ocr_line' id='line_1_17' title="bbox 371 2368 2563 2445; baseline 0.002 -28"><span class='ocrx_word' id='word_1_111' title='bbox 371 2368 490 2437; x_wconf 50' lang='lat' dir='ltr'><strong>Q!</strong></span> <span class='ocrx_word' id='word_1_112' title='bbox 506 2370 754 2445; x_wconf 46' lang='lat' dir='ltr'><strong>fflfflillqffi</strong></span> <span class='ocrx_word' id='word_1_113' title='bbox 787 2371 844 2418; x_wconf 81' lang='lat' dir='ltr'><strong>dc</strong></span> <span class='ocrx_word' id='word_1_114' title='bbox 875 2386 925 2419; x_wconf 84' lang='lat' dir='ltr'><strong>re</strong></span> <span class='ocrx_word' id='word_1_115' title='bbox 956 2371 1144 2433; x_wconf 86' lang='lat' dir='ltr'><strong>diplom.</strong></span> <span class='ocrx_word' id='word_1_116' title='bbox 1178 2374 1285 2421; x_wconf 82' lang='lat'><strong>598.</strong></span> <span class='ocrx_word' id='word_1_117' title='bbox 1333 2373 1552 2420; x_wconf 78' lang='lat' dir='ltr'><strong>Mabillon</strong></span> <span class='ocrx_word' id='word_1_118' title='bbox 1589 2371 1871 2433; x_wconf 74' lang='lat' dir='ltr'><strong>autographo</strong></span> <span class='ocrx_word' id='word_1_119' title='bbox 1902 2386 2239 2431; x_wconf 69' lang='lat' dir='ltr'><strong>monogramma</strong></span> <span class='ocrx_word' id='word_1_120' title='bbox 2269 2374 2391 2433; x_wconf 80' lang='lat' dir='ltr'><strong>regis</strong></span> <span class='ocrx_word' id='word_1_121' title='bbox 2423 2387 2563 2434; x_wconf 75' lang='lat' dir='ltr'><strong>appo-</strong></span> 
     </span>
     <span class='ocr_line' id='line_1_18' title="bbox 510 2450 2005 2510; baseline 0.003 -15"><span class='ocrx_word' id='word_1_122' title='bbox 510 2450 647 2496; x_wconf 84' lang='lat' dir='ltr'><strong>situm</strong></span> <span class='ocrx_word' id='word_1_123' title='bbox 679 2465 782 2497; x_wconf 81' lang='lat' dir='ltr'><strong>esse</strong></span> <span class='ocrx_word' id='word_1_124' title='bbox 813 2454 1023 2510; x_wconf 81' lang='lat' dir='ltr'><strong>testatur,</strong></span> <span class='ocrx_word' id='word_1_125' title='bbox 1055 2453 1138 2499; x_wconf 82' lang='lat' dir='ltr'><strong>sed</strong></span> <span class='ocrx_word' id='word_1_126' title='bbox 1169 2452 1247 2500; x_wconf 89' lang='lat' dir='ltr'><strong>ubi</strong></span> <span class='ocrx_word' id='word_1_127' title='bbox 1278 2453 1406 2500; x_wconf 86' lang='lat' dir='ltr'><strong>locus</strong></span> <span class='ocrx_word' id='word_1_128' title='bbox 1439 2452 1539 2509; x_wconf 84' lang='lat' dir='ltr'><strong>ejus</strong></span> <span class='ocrx_word' id='word_1_129' title='bbox 1568 2452 1723 2509; x_wconf 83' lang='lat' dir='ltr'><strong>fuerit,</strong></span> <span class='ocrx_word' id='word_1_130' title='bbox 1752 2466 1847 2499; x_wconf 89' lang='lat' dir='ltr'><strong>non</strong></span> <span class='ocrx_word' id='word_1_131' title='bbox 1878 2452 2005 2499; x_wconf 88' lang='lat' dir='ltr'><strong>dicit.</strong></span> 
     </span>
    </p>
   </div>
   <div class='ocr_carea' id='block_1_6' title="bbox 325 2744 2563 2970">
    <p class='ocr_par' dir='ltr' id='par_1_6' title="bbox 325 2744 2563 2970">
     <span class='ocr_line' id='line_1_19' title="bbox 325 2744 2563 2846; baseline 0.001 -25"><span class='ocrx_word' id='word_1_132' title='bbox 325 2748 450 2821; x_wconf 85' lang='lat'><strong>95.</strong></span> <span class='ocrx_word' id='word_1_133' title='bbox 534 2744 990 2843; x_wconf 85' lang='lat' dir='ltr'><strong>Dagobertus</strong></span> <span class='ocrx_word' id='word_1_134' title='bbox 1026 2746 1078 2823; x_wconf 92' lang='lat' dir='ltr'><strong>I.</strong></span> <span class='ocrx_word' id='word_1_135' title='bbox 1119 2770 1252 2823; x_wconf 82' lang='lat' dir='ltr'><strong>rex</strong></span> <span class='ocrx_word' id='word_1_136' title='bbox 1307 2746 1741 2825; x_wconf 86' lang='lat' dir='ltr'><strong>divisionem</strong></span> <span class='ocrx_word' id='word_1_137' title='bbox 1790 2747 2150 2825; x_wconf 89' lang='lat' dir='ltr'><strong>bonorum</strong></span> <span class='ocrx_word' id='word_1_138' title='bbox 2203 2746 2563 2846; x_wconf 89' lang='lat' dir='ltr'><strong>quandam</strong></span> 
     </span>
     <span class='ocr_line' id='line_1_20' title="bbox 535 2869 1549 2970; baseline 0.003 -23"><span class='ocrx_word' id='word_1_139' title='bbox 535 2872 931 2947; x_wconf 85' lang='lat' dir='ltr'><strong>confirmat.</strong></span> <span class='ocrx_word' id='word_1_140' title='bbox 1000 2871 1098 2969; x_wconf 88' lang='lat' dir='ltr'><strong>(a.</strong></span> <span class='ocrx_word' id='word_1_141' title='bbox 1143 2878 1292 2950; x_wconf 83' lang='lat'><strong>628</strong></span> <span class='ocrx_word' id='word_1_142' title='bbox 1310 2872 1373 2970; x_wconf 71' lang='lat' dir='ltr'><strong>P)</strong></span> <span class='ocrx_word' id='word_1_143' title='bbox 1543 2869 1549 2875; x_wconf 77' lang='grc'><strong><em>’</em></strong></span> 
     </span>
    </p>
   </div>
   <div class='ocr_carea' id='block_1_7' title="bbox 316 3030 2560 3223">
    <p class='ocr_par' dir='ltr' id='par_1_7' title="bbox 316 3030 2560 3223">
     <span class='ocr_line' id='line_1_21' title="bbox 503 3030 2560 3115; baseline 0 -18"><span class='ocrx_word' id='word_1_144' title='bbox 503 3040 604 3097; x_wconf 91' lang='grc' dir='ltr'><strong>-Ι-.</strong></span> <span class='ocrx_word' id='word_1_145' title='bbox 673 3031 1157 3115; x_wconf 86' lang='lat' dir='ltr'><strong>Dagobercthus</strong></span> <span class='ocrx_word' id='word_1_146' title='bbox 1188 3053 1301 3097; x_wconf 85' lang='lat' dir='ltr'><strong>rex</strong></span> <span class='ocrx_word' id='word_1_147' title='bbox 1331 3032 1718 3097; x_wconf 87' lang='lat' dir='ltr'><strong>Francorum</strong></span> <span class='ocrx_word' id='word_1_148' title='bbox 1748 3032 1847 3096; x_wconf 89' lang='lat' dir='ltr'><strong>vir</strong></span> <span class='ocrx_word' id='word_1_149' title='bbox 1876 3032 2156 3097; x_wconf 87' lang='lat' dir='ltr'><strong>inluster.</strong></span> <span class='ocrx_word' id='word_1_150' title='bbox 2230 3030 2560 3110; x_wconf 85' lang='lat' dir='ltr'><strong>Quotiens·</strong></span> 
     </span>
     <span class='ocr_line' id='line_1_22' title="bbox 316 3138 2557 3223; baseline 0.001 -22"><span class='ocrx_word' id='word_1_151' title='bbox 316 3156 584 3221; x_wconf 91' lang='lat' dir='ltr'><strong>cumque</strong></span> <span class='ocrx_word' id='word_1_152' title='bbox 624 3138 1054 3223; x_wconf 84' lang='lat' dir='ltr'><strong>peticionebus</strong></span> <span class='ocrx_word' id='word_1_153' title='bbox 1084 3138 1369 3205; x_wconf 89' lang='lat' dir='ltr'><strong>fedilium</strong></span> <span class='ocrx_word' id='word_1_154' title='bbox 1410 3158 1826 3223; x_wconf 89' lang='lat' dir='ltr'><strong>personarum</strong></span> <span class='ocrx_word' id='word_1_155' title='bbox 1870 3139 1937 3203; x_wconf 89' lang='lat' dir='ltr'><strong>in</strong></span> <span class='ocrx_word' id='word_1_156' title='bbox 1982 3158 2106 3221; x_wconf 91' lang='lat' dir='ltr'><strong>quo</strong></span> <span class='ocrx_word' id='word_1_157' title='bbox 2151 3139 2383 3203; x_wconf 87' lang='lat' dir='ltr'><strong>nostris</strong></span> <span class='ocrx_word' id='word_1_158' title='bbox 2429 3139 2557 3203; x_wconf 87' lang='lat' dir='ltr'><strong>fue·</strong></span> 
     </span>
    </p>
   </div>
   <div class='ocr_carea' id='block_1_8' title="bbox 314 3243 2559 3381">
    <p class='ocr_par' dir='ltr' id='par_1_8' title="bbox 314 3243 2559 3381">
     <span class='ocr_line' id='line_1_23' title="bbox 314 3243 2559 3381; baseline 0.001 -73"><span class='ocrx_word' id='word_1_159' title='bbox 314 3244 443 3309; x_wconf 90' lang='lat' dir='ltr'><strong>rint</strong></span> <span class='ocrx_word' id='word_1_160' title='bbox 487 3243 812 3328; x_wconf 84' lang='lat' dir='ltr'><strong>patefacti,</strong></span> <span class='ocrx_word' id='word_1_161' title='bbox 873 3265 984 3311; x_wconf 87' lang='lat' dir='ltr'><strong>eas</strong></span> <span class='ocrx_word' id='word_1_162' title='bbox 1040 3266 1158 3329; x_wconf 93' lang='lat' dir='ltr'><strong>per</strong></span> <span class='ocrx_word' id='word_1_163' title='bbox 1183 3246 1463 3381; x_wconf 32' lang='lat' dir='ltr'><strong>&#39;singola</strong></span> <span class='ocrx_word' id='word_1_164' title='bbox 1505 3245 1773 3311; x_wconf 88' lang='lat' dir='ltr'><strong>libenter</strong></span> <span class='ocrx_word' id='word_1_165' title='bbox 1817 3246 2105 3311; x_wconf 87' lang='lat' dir='ltr'><strong>volumus</strong></span> <span class='ocrx_word' id='word_1_166' title='bbox 2150 3244 2452 3310; x_wconf 85' lang='lat' dir='ltr'><strong>obaudire</strong></span> <span class='ocrx_word' id='word_1_167' title='bbox 2498 3252 2559 3310; x_wconf 94' lang='lat' dir='ltr'><strong>et</strong></span> 
     </span>
    </p>
   </div>
   <div class='ocr_carea' id='block_1_9' title="bbox 315 3350 2695 3435">
    <p class='ocr_par' dir='ltr' id='par_1_9' title="bbox 315 3350 2695 3435">
     <span class='ocr_line' id='line_1_24' title="bbox 315 3350 2695 3435; baseline 0.001 -20"><span class='ocrx_word' id='word_1_168' title='bbox 315 3351 565 3416; x_wconf 88' lang='lat' dir='ltr'><strong>effectui</strong></span> <span class='ocrx_word' id='word_1_169' title='bbox 626 3352 690 3416; x_wconf 90' lang='lat' dir='ltr'><strong>in</strong></span> <span class='ocrx_word' id='word_1_170' title='bbox 736 3352 858 3417; x_wconf 92' lang='lat' dir='ltr'><strong>Dei</strong></span> <span class='ocrx_word' id='word_1_171' title='bbox 912 3352 1167 3416; x_wconf 92' lang='lat' dir='ltr'><strong>nomine</strong></span> <span class='ocrx_word' id='word_1_172' title='bbox 1221 3352 1588 3435; x_wconf 86' lang='lat' dir='ltr'><strong>mancipari.</strong></span> <span class='ocrx_word' id='word_1_173' title='bbox 1659 3350 1887 3434; x_wconf 87' lang='lat' dir='ltr'><strong>Adque</strong></span> <span class='ocrx_word' id='word_1_174' title='bbox 1945 3351 2089 3417; x_wconf 88' lang='lat' dir='ltr'><strong>ideo</strong></span> <span class='ocrx_word' id='word_1_175' title='bbox 2143 3352 2241 3417; x_wconf 87' lang='lat' dir='ltr'><strong>vir</strong></span> <span class='ocrx_word' id='word_1_176' title='bbox 2296 3352 2558 3417; x_wconf 88' lang='lat' dir='ltr'><strong>inluster</strong></span> <span class='ocrx_word' id='word_1_177' title='bbox 2587 3363 2653 3386; x_wconf 66' lang='lat'><strong>“²</strong></span> <span class='ocrx_word' id='word_1_178' title='bbox 2680 3362 2695 3380; x_wconf 83' lang='lat'><strong><em>‘</em></strong></span> 
     </span>
    </p>
   </div>
   <div class='ocr_carea' id='block_1_10' title="bbox 307 3457 2577 4507">
    <p class='ocr_par' dir='ltr' id='par_1_10' title="bbox 307 3457 2577 4507">
     <span class='ocr_line' id='line_1_25' title="bbox 315 3457 2556 3543; baseline 0 -20"><span class='ocrx_word' id='word_1_179' title='bbox 315 3464 380 3523; x_wconf 90' lang='lat' dir='ltr'><strong>et</strong></span> <span class='ocrx_word' id='word_1_180' title='bbox 422 3457 646 3523; x_wconf 83' lang='lat' dir='ltr'><strong>fedelis</strong></span> <span class='ocrx_word' id='word_1_181' title='bbox 692 3459 831 3524; x_wconf 91' lang='lat' dir='ltr'><strong>Deo</strong></span> <span class='ocrx_word' id='word_1_182' title='bbox 879 3458 1164 3543; x_wconf 89' lang='lat' dir='ltr'><strong>propicio</strong></span> <span class='ocrx_word' id='word_1_183' title='bbox 1217 3464 1432 3524; x_wconf 88' lang='lat' dir='ltr'><strong>noster</strong></span> <span class='ocrx_word' id='word_1_184' title='bbox 1478 3458 1748 3523; x_wconf 90' lang='lat' dir='ltr'><strong>Ursinus</strong></span> <span class='ocrx_word' id='word_1_185' title='bbox 1808 3459 2179 3525; x_wconf 89' lang='lat' dir='ltr'><strong>climenciae</strong></span> <span class='ocrx_word' id='word_1_186' title='bbox 2224 3460 2403 3543; x_wconf 84' lang='lat' dir='ltr'><strong>regni</strong></span> <span class='ocrx_word' id='word_1_187' title='bbox 2447 3479 2556 3524; x_wconf 90' lang='lat' dir='ltr'><strong>no·</strong></span> 
     </span>
     <span class='ocr_line' id='line_1_26' title="bbox 315 3565 2554 3649; baseline -0.001 -18"><span class='ocrx_word' id='word_1_188' title='bbox 315 3566 430 3631; x_wconf 89' lang='lat' dir='ltr'><strong>stri</strong></span> <span class='ocrx_word' id='word_1_189' title='bbox 473 3566 669 3649; x_wconf 88' lang='lat' dir='ltr'><strong>petiit,</strong></span> <span class='ocrx_word' id='word_1_190' title='bbox 720 3571 788 3629; x_wconf 91' lang='lat' dir='ltr'><strong>ut</strong></span> <span class='ocrx_word' id='word_1_191' title='bbox 832 3565 913 3630; x_wconf 89' lang='lat' dir='ltr'><strong>de</strong></span> <span class='ocrx_word' id='word_1_192' title='bbox 959 3565 1026 3629; x_wconf 89' lang='lat' dir='ltr'><strong>id</strong></span> <span class='ocrx_word' id='word_1_193' title='bbox 1074 3565 1244 3648; x_wconf 90' lang='lat' dir='ltr'><strong>quod</strong></span> <span class='ocrx_word' id='word_1_194' title='bbox 1303 3585 1431 3630; x_wconf 91' lang='lat' dir='ltr'><strong>una</strong></span> <span class='ocrx_word' id='word_1_195' title='bbox 1488 3585 1631 3630; x_wconf 89' lang='lat' dir='ltr'><strong>cum</strong></span> <span class='ocrx_word' id='word_1_196' title='bbox 1675 3585 1977 3648; x_wconf 86' lang='lat' dir='ltr'><strong>germano</strong></span> <span class='ocrx_word' id='word_1_197' title='bbox 2024 3585 2139 3631; x_wconf 91' lang='lat' dir='ltr'><strong>suo</strong></span> <span class='ocrx_word' id='word_1_198' title='bbox 2185 3567 2554 3649; x_wconf 91' lang='lat' dir='ltr'><strong>Beppoleno</strong></span> 
     </span>
     <span class='ocr_line' id='line_1_27' title="bbox 312 3671 2554 3756; baseline -0.001 -19"><span class='ocrx_word' id='word_1_199' title='bbox 312 3672 380 3737; x_wconf 87' lang='lat' dir='ltr'><strong>in</strong></span> <span class='ocrx_word' id='word_1_200' title='bbox 425 3671 755 3738; x_wconf 84' lang='lat' dir='ltr'><strong>divisionis</strong></span> <span class='ocrx_word' id='word_1_201' title='bbox 800 3672 1119 3756; x_wconf 81' lang='lat' dir='ltr'><strong>paginam,</strong></span> <span class='ocrx_word' id='word_1_202' title='bbox 1168 3678 1296 3736; x_wconf 90' lang='lat' dir='ltr'><strong>tam</strong></span> <span class='ocrx_word' id='word_1_203' title='bbox 1342 3693 1422 3737; x_wconf 85' lang='lat' dir='ltr'><strong>ex</strong></span> <span class='ocrx_word' id='word_1_204' title='bbox 1443 3671 1873 3738; x_wconf 81' lang='lat' dir='ltr'><strong>&#39;successione</strong></span> <span class='ocrx_word' id='word_1_205' title='bbox 1903 3672 2185 3755; x_wconf 85' lang='lat' dir='ltr'><strong>geneturi</strong></span> <span class='ocrx_word' id='word_1_206' title='bbox 2217 3690 2331 3736; x_wconf 92' lang='lat' dir='ltr'><strong>suo</strong></span> <span class='ocrx_word' id='word_1_207' title='bbox 2363 3671 2554 3737; x_wconf 85' lang='lat' dir='ltr'><strong>Chro-</strong></span> 
     </span>
     <span class='ocr_line' id='line_1_28' title="bbox 313 3778 2553 3862; baseline 0 -19"><span class='ocrx_word' id='word_1_208' title='bbox 313 3778 576 3862; x_wconf 88' lang='lat' dir='ltr'><strong>doleno‚</strong></span> <span class='ocrx_word' id='word_1_209' title='bbox 638 3798 826 3861; x_wconf 89' lang='lat' dir='ltr'><strong>quam</strong></span> <span class='ocrx_word' id='word_1_210' title='bbox 871 3798 1173 3862; x_wconf 87' lang='lat' dir='ltr'><strong>germano</strong></span> <span class='ocrx_word' id='word_1_211' title='bbox 1221 3798 1334 3843; x_wconf 90' lang='lat' dir='ltr'><strong>suo</strong></span> <span class='ocrx_word' id='word_1_212' title='bbox 1381 3778 1760 3845; x_wconf 84' lang='lat' dir='ltr'><strong>Chaimedes</strong></span> <span class='ocrx_word' id='word_1_213' title='bbox 1808 3778 2125 3861; x_wconf 88' lang='lat' dir='ltr'><strong>quondam</strong></span> <span class='ocrx_word' id='word_1_214' title='bbox 2170 3779 2341 3860; x_wconf 86' lang='lat' dir='ltr'><strong>loca,</strong></span> <span class='ocrx_word' id='word_1_215' title='bbox 2403 3798 2553 3860; x_wconf 92' lang='lat' dir='ltr'><strong>quo·</strong></span> 
     </span>
     <span class='ocr_line' id='line_1_29' title="bbox 310 3883 2551 3969; baseline -0.001 -19"><span class='ocrx_word' id='word_1_216' title='bbox 310 3905 450 3950; x_wconf 88' lang='lat' dir='ltr'><strong>rum</strong></span> <span class='ocrx_word' id='word_1_217' title='bbox 507 3886 816 3951; x_wconf 82' lang='lat' dir='ltr'><strong>vocabola</strong></span> <span class='ocrx_word' id='word_1_218' title='bbox 872 3891 1018 3950; x_wconf 89' lang='lat' dir='ltr'><strong>sunt</strong></span> <span class='ocrx_word' id='word_1_219' title='bbox 1059 3885 1416 3969; x_wconf 87' lang='lat' dir='ltr'><strong>Ferrarias‚</strong></span> <span class='ocrx_word' id='word_1_220' title='bbox 1475 3884 2071 3951; x_wconf 86' lang='lat' dir='ltr'><strong>Leubaredovillare</strong></span> <span class='ocrx_word' id='word_1_221' title='bbox 2116 3891 2179 3949; x_wconf 92' lang='lat' dir='ltr'><strong>et</strong></span> <span class='ocrx_word' id='word_1_222' title='bbox 2220 3883 2551 3948; x_wconf 87' lang='lat' dir='ltr'><strong>Eudonco-</strong></span> 
     </span>
     <span class='ocr_line' id='line_1_30' title="bbox 310 3989 2551 4074; baseline -0.002 -16"><span class='ocrx_word' id='word_1_223' title='bbox 310 3993 465 4058; x_wconf 87' lang='lat' dir='ltr'><strong>villa</strong></span> <span class='ocrx_word' id='word_1_224' title='bbox 523 4012 635 4059; x_wconf 89' lang='lat' dir='ltr'><strong>seu</strong></span> <span class='ocrx_word' id='word_1_225' title='bbox 691 3992 936 4074; x_wconf 87' lang='lat' dir='ltr'><strong>reliqua</strong></span> <span class='ocrx_word' id='word_1_226' title='bbox 988 3991 1350 4057; x_wconf 87' lang='lat' dir='ltr'><strong>facultatem</strong></span> <span class='ocrx_word' id='word_1_227' title='bbox 1395 3993 1495 4058; x_wconf 88' lang='lat' dir='ltr'><strong>vel</strong></span> <span class='ocrx_word' id='word_1_228' title='bbox 1550 3993 1737 4058; x_wconf 88' lang='lat' dir='ltr'><strong>villas</strong></span> <span class='ocrx_word' id='word_1_229' title='bbox 1795 3992 1968 4074; x_wconf 83' lang='lat' dir='ltr'><strong>illas,</strong></span> <span class='ocrx_word' id='word_1_230' title='bbox 2030 3989 2198 4074; x_wconf 88' lang='lat' dir='ltr'><strong>quod</strong></span> <span class='ocrx_word' id='word_1_231' title='bbox 2255 3990 2321 4055; x_wconf 92' lang='lat' dir='ltr'><strong>in</strong></span> <span class='ocrx_word' id='word_1_232' title='bbox 2366 3990 2551 4054; x_wconf 90' lang='lat' dir='ltr'><strong>Rote-</strong></span> 
     </span>
     <span class='ocr_line' id='line_1_31' title="bbox 310 4091 2577 4183; baseline -0.002 -18"><span class='ocrx_word' id='word_1_233' title='bbox 310 4120 470 4165; x_wconf 92' lang='lat' dir='ltr'><strong>neco</strong></span> <span class='ocrx_word' id='word_1_234' title='bbox 527 4097 608 4165; x_wconf 93' lang='lat' dir='ltr'><strong>de</strong></span> <span class='ocrx_word' id='word_1_235' title='bbox 673 4098 862 4165; x_wconf 89' lang='lat' dir='ltr'><strong>alode</strong></span> <span class='ocrx_word' id='word_1_236' title='bbox 929 4104 1214 4163; x_wconf 88' lang='lat' dir='ltr'><strong>materna</strong></span> <span class='ocrx_word' id='word_1_237' title='bbox 1279 4119 1395 4183; x_wconf 91' lang='lat' dir='ltr'><strong>per</strong></span> <span class='ocrx_word' id='word_1_238' title='bbox 1459 4099 1774 4183; x_wconf 89' lang='lat' dir='ltr'><strong>pactionis</strong></span> <span class='ocrx_word' id='word_1_239' title='bbox 1842 4099 2102 4163; x_wconf 91' lang='lat' dir='ltr'><strong>tetulum</strong></span> <span class='ocrx_word' id='word_1_240' title='bbox 2172 4096 2257 4162; x_wconf 84' lang='lat' dir='ltr'><strong>ad</strong></span> <span class='ocrx_word' id='word_1_241' title='bbox 2326 4091 2577 4162; x_wconf 80' lang='lat' dir='ltr'><strong>eodem</strong></span> 
     </span>
     <span class='ocr_line' id='line_1_32' title="bbox 309 4203 2545 4297; baseline -0.001 -25"><span class='ocrx_word' id='word_1_242' title='bbox 309 4212 655 4272; x_wconf 88' lang='lat' dir='ltr'><strong>nuscuntur</strong></span> <span class='ocrx_word' id='word_1_243' title='bbox 683 4205 1068 4291; x_wconf 85' lang='lat' dir='ltr'><strong>pervenisse,</strong></span> <span class='ocrx_word' id='word_1_244' title='bbox 1116 4205 1239 4270; x_wconf 91' lang='lat' dir='ltr'><strong>hoc</strong></span> <span class='ocrx_word' id='word_1_245' title='bbox 1270 4211 1367 4297; x_wconf 84' lang='lat' dir='ltr'><strong>est</strong></span> <span class='ocrx_word' id='word_1_246' title='bbox 1394 4224 1536 4270; x_wconf 90' lang='lat' dir='ltr'><strong>cum</strong></span> <span class='ocrx_word' id='word_1_247' title='bbox 1567 4204 1768 4285; x_wconf 63' lang='lat' dir='ltr'><strong>terrm,</strong></span> <span class='ocrx_word' id='word_1_248' title='bbox 1820 4203 2142 4288; x_wconf 87' lang='lat' dir='ltr'><strong>aedificiis,</strong></span> <span class='ocrx_word' id='word_1_249' title='bbox 2190 4204 2545 4288; x_wconf 72' lang='lat' dir='ltr'><strong>mancipiiS‚</strong></span> 
     </span>
     <span class='ocr_line' id='line_1_33' title="bbox 309 4310 2545 4398; baseline -0.001 -18"><span class='ocrx_word' id='word_1_250' title='bbox 309 4312 500 4380; x_wconf 86' lang='lat' dir='ltr'><strong>viniis</strong></span> <span class='ocrx_word' id='word_1_251' title='bbox 509 4364 527 4396; x_wconf 86' lang='lat'><em>‚</em></span> <span class='ocrx_word' id='word_1_252' title='bbox 589 4313 798 4398; x_wconf 88' lang='lat' dir='ltr'><strong>silvis,</strong></span> <span class='ocrx_word' id='word_1_253' title='bbox 855 4312 1083 4397; x_wconf 88' lang='lat' dir='ltr'><strong>pratis,</strong></span> <span class='ocrx_word' id='word_1_254' title='bbox 1142 4310 1428 4396; x_wconf 74' lang='lat' dir='ltr'><strong>pascuiS,</strong></span> <span class='ocrx_word' id='word_1_255' title='bbox 1488 4312 1671 4395; x_wconf 84' lang='lat' dir='ltr'><strong>aquis</strong></span> <span class='ocrx_word' id='word_1_256' title='bbox 1708 4332 2099 4396; x_wconf 85' lang='lat' dir='ltr'><strong>aquarumve</strong></span> <span class='ocrx_word' id='word_1_257' title='bbox 2144 4310 2545 4397; x_wconf 89' lang='lat' dir='ltr'><strong>decursebus,</strong></span> 
     </span>
     <span class='ocr_line' id='line_1_34' title="bbox 307 4419 2549 4507; baseline 0 -22"><span class='ocrx_word' id='word_1_258' title='bbox 307 4420 658 4486; x_wconf 88' lang='lat' dir='ltr'><strong>movilebus</strong></span> <span class='ocrx_word' id='word_1_259' title='bbox 715 4425 778 4485; x_wconf 88' lang='lat' dir='ltr'><strong>et</strong></span> <span class='ocrx_word' id='word_1_260' title='bbox 831 4420 1247 4486; x_wconf 85' lang='lat' dir='ltr'><strong>inmovilebus</strong></span> <span class='ocrx_word' id='word_1_261' title='bbox 1302 4420 1406 4484; x_wconf 87' lang='lat' dir='ltr'><strong>vel</strong></span> <span class='ocrx_word' id='word_1_262' title='bbox 1460 4419 1719 4503; x_wconf 90' lang='lat' dir='ltr'><strong>reliquis</strong></span> <span class='ocrx_word' id='word_1_263' title='bbox 1772 4420 1959 4485; x_wconf 87' lang='lat' dir='ltr'><strong>rebus</strong></span> <span class='ocrx_word' id='word_1_264' title='bbox 2006 4439 2116 4485; x_wconf 90' lang='lat' dir='ltr'><strong>seu</strong></span> <span class='ocrx_word' id='word_1_265' title='bbox 2150 4420 2549 4507; x_wconf 81' lang='lat' dir='ltr'><strong>adjacenciis</strong></span> 
     </span>
    </p>
   </div>
  </div>
 </body>
</html>
