3209 5434
1773 508 1860 575 58

693 672 809 731 tur.
879 667 1085 753 Hujus
1118 667 1364 752 praedii
1402 667 1657 733 confinii
1709 688 1859 753 pars
1891 654 2291 751 quedamsszd
2323 667 2658 749 ecclesiam
2689 666 2938 749 Augen-

694 794 829 839 sem
888 775 1233 857 attingebat
1248 770 1323 857 ¹),
1382 794 1573 857 quam
1627 776 1868 840 Hecelo
1931 774 2214 859 ejusdem
2273 774 2536 855 ecclesie
2594 772 2935 837 advocatus

694 901 836 945 cum
893 881 1157 965 praedio
1205 901 1320 945 suo
1378 882 1593 945 Ruttin
1642 880 1829 965 juxta
1886 882 2076 948 Ostra
2132 887 2576 947 commutatam
2603 881 2739 981 E.-
2722 880 2932 945 Blasio
3019 860 3026 878 ’

692 988 889 1053 libere
950 988 1290 1070 affectavit,
1367 987 1770 1053 laudantibus
1839 995 1902 1055 et
1963 995 2356 1054 sacramento
2426 986 2930 1053 confirmantibus

692 1094 1089 1160 Marcwardo
1160 1094 1402 1159 scilicet
1470 1093 1550 1159 de
1617 1094 1972 1177 Almistorf,
2045 1094 2344 1160 Bertoldo
2415 1094 2496 1173 de
2562 1093 2926 1175 Lucelstete,
2953 1102 2980 1145 ῑ

695 1200 1065 1265 Burchardo
1099 1200 1178 1265 de
1207 1202 1539 1283 Peringen,
1592 1201 1763 1283 quod
1810 1201 1966 1266 illud
2000 1200 2452 1283 concambium,
2504 1200 2672 1285 quod
2704 1199 2930 1263 factum

694 1314 791 1372 est
851 1307 1020 1391 apud
1067 1307 1529 1390 Singerbrucho
1575 1315 1910 1391 praesente
1957 1308 2185 1373 abbate
2229 1307 2605 1373 Echehardo
2651 1304 2930 1388 Augensi

692 1420 756 1479 et
772 1395 972 1479 “duce
1030 1413 1327 1479 Bertoldo
1386 1414 1792 1498 ipsorumque
1849 1415 2206 1480 hominibus
2275 1421 2405 1479 tam
2471 1414 2686 1479 liberis
2747 1432 2930 1509 quam

691 1521 1201 1587 ministerialibus
1247 1521 1584 1603 multisque
1631 1521 1802 1604 aliie,
1866 1522 1972 1605 qui
2022 1522 2105 1587 ad
2151 1522 2542 1605 praedictam
2599 1526 2930 1586 commuta-

689 1629 921 1695 tionem
976 1649 1091 1713 pro
1150 1629 1314 1693 bono
1372 1634 1823 1711 convenerant,
1885 1630 2029 1712 plus
2086 1624 2456 1713 prodesse²)
2501 1626 2786 1711 Augensi
2837 1646 2930 1707 ec·
2948 1641 2980 1677 θ

690 1737 912 1840 clesie
930 1756 1119 1817 quam
1166 1734 1391 1799 obesse
1404 1728 1473 1817 ²).
1553 1734 1870 1800 Praedicti
1917 1743 2124 1801 autem
2161 1737 2450 1821 jurantes
2495 1740 2674 1805 erant
2719 1733 2801 1798 de
2843 1732 2929 1799 fa-

691 1843 912 1907 milia'
932 1841 1250 1924 Augensis
1320 1842 1602 1923 ecclesie.
1709 1844 1842 1908 Nos
1922 1864 2072 1927 ergo
2146 1844 2539 1928 praedictum
2606 1839 2931 1925 praedium

691 1948 930 2031 Slocse,
982 1947 1153 2030 quod
1189 1947 1326 2032 jam
1371 1948 1799 2032 praescriptus
1847 1949 1974 2015 dux
2006 1950 2310 2016 Rodolfus
2357 1951 2590 2031 aliique
2625 1946 2932 2033 praedicti

691 2056 933 2119 nobiles
982 2055 1044 2119 S.
1082 2056 1297 2119 Blasio
1345 2061 1409 2119 et
1451 2055 1747 2120 fratribus
1795 2055 2076 2140 ejusdem
2122 2057 2246 2122 loci
2294 2057 2701 2138 contulerunt,
2757 2054 2930 2118 item-

688 2180 809 2242 que
855 2168 1097 2244 partem
1146 2162 1346 2244 illam,
1410 2182 1601 2244 quam
1663 2163 2062 2246 supradictus
2107 2164 2346 2229 Hecelo
2403 2184 2518 2247 per
2551 2162 2690 2247 jam
2735 2161 2930 2225 nomi-
2962 2176 2996 2213 ts
3040 2222 3048 2233 ⁴

689 2273 905 2330 natum
954 2269 1383 2334 concambium
1432 2269 1768 2351 acquisivit
1813 2276 1876 2334 et
1921 2271 2185 2351 ecclesie
2231 2269 2530 2355 QssIasii
2573 2268 2834 2333 tradidit
2869 2273 2932 2333 et

686 2372 965 2455 legitime
1011 2374 1345 2457 affectavit,
1403 2374 1607 2440 eidem
1657 2378 1922 2458 ecclesie
1965 2377 2029 2442 S.
2064 2377 2267 2443 Blasii
2312 2376 2822 2459 recognoscimus
2870 2380 2932 2439 et

688 2479 1128 2545 confirmamus
1188 2501 1330 2545 cum
1390 2481 1680 2547 omnibus
1737 2483 2022 2568 ejusdem
2076 2484 2322 2568 praedii
2365 2482 2774 2568 praescriptis
2819 2502 2928 2565 ap-

685 2586 1003 2670 penditiis
1077 2588 1175 2652 Ac
1219 2608 1334 2672 pro
1378 2594 1592 2654 nostre
1624 2590 1831 2671 anime
1876 2589 2153 2656 remedio
2199 2596 2654 2674 parentumque
2686 2594 2926 2653 nostro·

686 2714 822 2758 rum
892 2694 1141 2758 kartam
1198 2701 1595 2813 praesentem
1641 2696 1948 2780 jussimus
2017 2698 2338 2781 componi,
2411 2703 2473 2761 et
2537 2702 2606 2760 ut
2671 2695 2924 2760 liberius
2951 2713 2987 2753 lt

685 2800 893 2884 ipsum
952 2801 1281 2885 praedium
1328 2770 1513 2891 Sloqss
1571 2802 1897 2885 praedicte
1941 2804 2205 2884 ecclesie
2267 2804 2490 2868 fratres
2536 2801 2920 2886 possideant,

684 2908 945 2991 propria
987 2928 1177 2972 manu
1231 2908 1597 2990 insignitam
1655 2909 1978 2992 proprium
2039 2910 2314 2992 sigillum
2375 2909 2611 2993 apponi
2663 2908 2922 2973 fecimus

686 3033 765 3077 ea
811 3013 913 3078 die
972 3014 1238 3097 scilicet,
1301 3034 1429 3095 qua
1482 3014 1745 3079 liberam
1803 3015 2172 3081 electionem
2221 3015 2498 3098 eligendi
2549 3014 2922 3079 advocatum

684 3120 963 3185 Rusteno
1010 3120 1222 3184 abbati
1252 3121 1315 3185 S.
1351 3122 1554 3188 Blasii
1592 3120 1974 3185 confratrum
2007 3141 2259 3186 suorum
2307 3128 2369 3185 et
2412 3127 2626 3185 nostro
2660 3120 2921 3185 consilio

683 3226 1161 3308 recognovimus
1209 3233 1272 3291 et
1314 3228 1740 3310 privilegium,
1792 3228 2060 3311 qualiter
2104 3228 2187 3293 ad
2232 3228 2354 3293 hoc
2397 3228 2770 3311 pervenerit,
2819 3226 2922 3293 de·
2925 3239 2972 3285 2:

685 3332 910 3399 dimus.
992 3332 1369 3397 Praesentes
1428 3339 1636 3398 autem
1681 3334 1930 3399 fuerunt
1976 3334 2300 3400 donationi
2347 3335 2532 3435 hujus
2578 3334 2916 3418 privilegii.

548 3424 561 3454 ”
622 3453 631 3461 ·
680 3436 1025 3502 Ansericus
1057 3438 1425 3503 Bisuntinus
1469 3439 2004 3525 archiepiscopus,
2056 3417 2405 3507 &dalricus
2421 3441 2920 3508 constantiensis

682 3545 1021 3628 episcopus
1083 3565 1223 3609 cum
1283 3546 1507 3611 ceteris
1562 3548 1910 3632 episcopis,
1978 3548 2107 3613 dux
2165 3568 2412 3631 quoque
2457 3548 2816 3614 Fridericus
2863 3554 2922 3613 et

684 3650 1066 3716 Godefridus
1113 3672 1325 3717 comes
1375 3653 1690 3736 palatinus
1737 3654 1970 3737 aliique
2014 3656 2335 3739 principes
2378 3655 2484 3738 qui
2514 3654 2944 3720 interfuerunt-

685 3756 832 3822 dum
880 3758 1053 3821 aliud
1098 3759 1496 3841 privilegium
1542 3762 1821 3825 Rusteno
1880 3761 2090 3827 abbati
2147 3762 2400 3845 suisque
2454 3761 2750 3827 fratribus
2805 3782 2921 3847 pro

682 3864 968 3929 libertate
1015 3870 1076 3929 et
1123 3866 1431 3931 electione
1476 3865 1769 3932 advocati
1815 3868 2142 3933 retinenda
2186 3869 2597 3953 porreximus.

1003 4006 1264 4090 Signum
1312 4007 1593 4071 Heinrici
1641 4010 1848 4090 quarti
1891 4010 2315 4075 Rom-anorum
2360 4010 2761 4094 imperatoris.
2803 4004 2926 4094 (M)

1106 4113 1521 4179 invictissimi.
1590 4110 1689 4197 (L.
1725 4110 1822 4199 S.)
1886 4136 1892 4143 ·

862 4412 903 4474 ¹)
944 4410 1161 4477 Diimge
1203 4409 1575 4479 „pertinebat“
1615 4410 1771 4467 falso.
1911 4412 1958 4479 ²)
1997 4414 2094 4467 sic.
2131 4414 2166 4467 l.
2204 4412 2508 4483 prodesset.
2546 4410 2788 4468 obesset.
2839 4486 2847 4491 Δ
