3209 5434
1781 458 1910 522 114

720 615 892 681 niam
936 621 1218 680 nostrum
1263 635 1394 681 non
1438 622 1563 697 est,
1619 635 1994 698 quemquam
2037 616 2442 701 intercipere,
2489 634 2608 681 nec
2651 615 2720 680 in
2764 634 2952 679 causa

720 727 831 786 aut
872 722 1065 786 verbo
1112 741 1373 805 capere,
1426 720 1670 806 judicio
1719 728 1780 787 ct
1827 720 2090 787 consilio
2135 724 2490 807 principum
2535 721 2952 805 praesentium

720 826 844 912 ipsi
874 828 1216 893 Basiliensi
1248 828 1547 912 episcopo
1579 828 1820 913 petenti
1852 828 2183 893 terminum
2228 834 2289 892 et
2332 828 2558 911 locum,
2610 846 2733 910 quo
2776 846 2953 911 prae-

719 933 995 1013 munitus
1044 933 1129 999 ad
1172 933 1685 1019 respondendum
1731 954 1872 998 cum
1904 934 2235 1018 privilegio
2280 934 2537 1017 veniret,
2587 932 2952 999 determina-

720 1040 942 1105 vimus.
1035 1039 1475 1106 Convenerunt
1529 1040 1744 1122 itaquc
1801 1040 1868 1105 in
1926 1041 2252 1106 nativitate
2306 1040 2564 1105 Domini
2618 1039 2954 1123 Argentine

721 1146 1038 1211 Bertolfus
1084 1146 1458 1211 Basiliensis
1518 1145 1858 1231 episcopus
1917 1153 1979 1211 et
2036 1147 2098 1212 S.
2133 1146 2334 1212 Blasii
2390 1148 2588 1212 abbas
2646 1148 2952 1211 Rustenus

615 1291 624 1306 ·
725 1272 868 1318 cum
912 1253 1228 1335 religiosis
1272 1252 1585 1335 fratribus,
1639 1259 1701 1317 et
1744 1252 2149 1337 praesidente
2183 1254 2538 1338 principum
2569 1252 2954 1318 multitudine

662 1443 665 1445 v
721 1359 791 1425 in
834 1365 1052 1425 nostra
1095 1360 1457 1443 praesentia
1502 1358 1584 1423 de
1615 1358 1944 1441 praedicta
1974 1359 2309 1425 advocatia
2336 1360 2402 1424 in
2431 1360 2710 1439 medium
2737 1360 2952 1424 utrius-

724 1485 862 1549 que,
912 1466 1197 1551 episcopi
1244 1466 1486 1531 scilicet
1523 1465 1898 1530 Basiliensis
1947 1471 2009 1531 et
2054 1467 2296 1531 abbatis
2343 1467 2407 1532 S.
2442 1467 2646 1531 Blasii
2691 1465 2953 1531 deducta

722 1578 785 1639 et
846 1572 1063 1637 audita
1121 1579 1216 1637 est
1274 1572 1719 1649 controversia,
1811 1572 1933 1637 Hic
1989 1550 2322 1638 &dalricus
2381 1579 2598 1655 sancte
2658 1573 2954 1639 Constan-

719 1679 940 1744 ticnsis
998 1678 1264 1759 ecclesie
1318 1678 1697 1743 venerabilis
1753 1678 2090 1763 episcopus
2154 1680 2268 1745 sub
2331 1680 2587 1745 obtentu
2643 1680 2840 1763 gratie
2897 1685 2954 1743 et

721 1783 1044 1851 fidelitatis
1090 1789 1303 1864 nostre
1348 1786 1722 1850 ammonitus
1777 1786 2039 1851 liberam
2090 1807 2204 1870 per
2257 1786 2468 1851 omnia
2513 1785 2845 1867 ecclesiam
2891 1784 2950 1850 S.

723 1890 925 1957 Blasii
982 1890 1096 1954 sub
1144 1897 1363 1955 nostra
1406 1896 1648 1956 tantum
1694 1894 1890 1957 tutela
1945 1898 2008 1958 et
2059 1893 2409 1977 patrocinio
2454 1912 2823 1977 permanere
2859 1890 2955 1973 ju-

725 1995 977 2079 dicavit,
1029 1996 1515 2062 assentientibus
1564 2000 1850 2063 omnibus
1883 2000 2024 2064 aliis
2057 1999 2374 2083 episcopis
2411 2000 2759 2082 ceterisque
2792 1997 2955 2083 prin·

724 2102 968 2188 cipibus
995 2102 1503 2169 collaudantibus
1526 2103 1820 2187 idemque
1833 2104 2144 2189 judicium
2169 2106 2697 2171 confirmantibus.
2733 2106 2956 2171 Notum

725 2208 918 2292 igitur
972 2209 1055 2275 sit
1113 2210 1399 2275 omnibus
1449 2209 1682 2275 Christi
1740 2211 2030 2302 fidelibus
2085 2218 2216 2277 tam
2268 2212 2492 2277 futuris
2548 2233 2739 2296 quam
2781 2218 2957 2295 prac-

728 2315 1007 2379 sentibus
1067 2316 1390 2399 utriusque
1444 2318 1708 2398 ecclesie
1764 2319 2254 2384 controversiam
2311 2339 2427 2403 pro
2471 2319 2587 2383 illa
2630 2317 2959 2383 advocatia

726 2420 1059 2485 retinenda
1114 2421 1393 2486 auditam
1452 2428 1515 2487 et
1569 2424 1856 2488 iteratam
1911 2424 2125 2508 sepius
2170 2424 2367 2490 fuisse
2410 2425 2477 2489 in
2522 2430 2742 2490 nostra
2785 2444 2957 2508 prae-

725 2527 959 2610 sentia,
1020 2527 1384 2611 multiplicis
1444 2515 1694 2611 quoque
1754 2530 2001 2594 consilii
2058 2532 2522 2597 examinatione
2576 2531 2952 2611 ventilatam,

723 2632 982 2698 tandem
1038 2633 1408 2716 antiquioris
1467 2641 1531 2699 et
1584 2636 1926 2701 veracioris
1972 2636 2288 2721 privilegii
2334 2638 2839 2705 corroboratione
2883 2656 2958 2701 ac

628 2788 631 2793 .
724 2738 1079 2823 principum
1126 2741 1537 2805 subtilissima
1582 2741 1911 2825 diligentia
1942 2744 2197 2826 cognita
2229 2751 2289 2808 ct
2319 2745 2672 2828 approbata
2699 2744 2957 2809 veritate

726 2844 992 2924 ecclesie
1038 2844 1101 2910 S.
1136 2846 1338 2911 Blasii
1383 2847 1733 2913 libertatem
1777 2849 1904 2914 loci
1951 2870 1991 2913 a
2033 2850 2236 2933 primo
2271 2832 2839 2939 Ottone'straditam
2884 2870 2956 2914 ac

728 2948 961 3015 deinde
1016 2970 1056 3015 a
1110 2958 1291 3034 patre
1347 2958 1561 3017 nostro
1621 2953 1824 3019 felicis
1881 2957 2179 3036 memorie
2231 2956 2530 3022 Heinrico
2588 2957 2958 3041 imperatore

725 3062 1094 3121 renovatam
1139 3064 1202 3121 et
1246 3059 1708 3144 confirmatam,
1759 3062 2020 3126 liberam
2070 3083 2315 3145 quoque
2362 3062 2729 3128 electionem
2773 3062 2958 3128 advo.-

728 3163 853 3227 cati
900 3161 1143 3247 judicio
1202 3166 1644 3250 episcoporum
1699 3168 1974 3233 omnium
2020 3189 2112 3233 ue⁴
2141 3170 2567 3253 praesentium
2610 3170 2959 3254 principum

727 3268 996 3334 retinuit.
1068 3270 1166 3335 Ea
1213 3272 1454 3337 scilicet
1499 3274 1644 3356 lege
1690 3281 1752 3339 et
1798 3273 1987 3339 cond1
2014 3295 2174 3358 lone,
2224 3281 2292 3340 ut
2337 3276 2403 3339 in
2421 3277 2740 3342 electione
2775 3275 2959 3342 advo-

730 3375 855 3464 cati
900 3360 1099 3439 abbas
1145 3374 1379 3442 habeat
1422 3379 1685 3444 liberam
1720 3386 2094 3464 potestatem
2126 3383 2390 3447 consilio
2421 3383 2682 3448 fratrum
2713 3403 2960 3449 suorum

730 3480 922 3544 talem
978 3482 1239 3565 eligere,
1302 3504 1487 3566 quem
1546 3485 1631 3550 ad
1689 3485 2153 3552 defendendam
2210 3490 2556 3554 libertatern
2602 3489 2960 3563 monasterii

732 3592 795 3651 et
829 3584 1156 3671 justiciam
1200 3590 1431 3655 bonum
1481 3597 1544 3656 et
1586 3592 1803 3657 utilem
1849 3598 2038 3675 atque
2085 3592 2382 3659 idoneum
2428 3604 2798 3680 cognoscat,
2858 3596 2960 3677 qui

728 3710 858 3756 non
917 3713 1033 3777 pro
1080 3700 1327 3761 terreno
1389 3697 1746 3782 commod0,
1810 3697 1925 3763 scd
1979 3720 2094 3783 pro
2141 3682 2528 3767 remissione·
2564 3710 2960 3787 peccatorum

731 3816 987 3863 suorum
1033 3800 1240 3884 ipsam
1287 3802 1683 3869 advocatiam
1728 3805 1962 3872 habere
2010 3812 2072 3871 et
2105 3807 2266 3873 bene
2297 3829 2373 3873 ac
2403 3810 2667 3893 pacifice
2698 3791 2961 3875 tractare

730 3904 897 3969 velit.
990 3906 1061 3971 Si
1115 3914 1350 3992 autem,
1412 3909 1581 3993 quod
1629 3912 1816 3993 absit,
1878 3932 2006 3977 non
2061 3919 2129 3977 ut
2186 3913 2530 3981 advocatus
2591 3916 2710 3981 sed
2763 3916 2962 4000 potius

732 4011 1194 4096 calumpniator
1241 4021 1303 4080 et
1346 4036 1653 4099 pervasor
1687 4019 1952 4099 ecclesie
1995 4018 2182 4084 fuerit
2226 4026 2289 4085 et
2333 4021 2716 4087 ammonitus
2755 4022 2960 4104 semel,

730 4116 956 4182 iterum
1002 4138 1078 4183 ac
1122 4122 1317 4185 tercio
1363 4142 1483 4188 nec
1514 4123 1912 4189 emendando
1959 4125 2350 4209 satisfecerit,
2401 4128 2654 4192 omnino
2696 4134 2963 4213 potesta-

728 4227 857 4287 tem
902 4224 1134 4290 habeat
1178 4227 1377 4293 abbas
1426 4229 1693 4294 consilio
1733 4230 1994 4295 fratrum
2041 4236 2104 4296 et
2147 4238 2362 4297 nostro
2409 4252 2965 4316 successorumque

730 4333 1087 4396 nostrorum
1143 4333 1495 4415 patrocinio
1534 4334 1720 4406 ‚hunc
1766 4338 2106 4421 reprobare
2151 4343 2214 4401 et
2257 4338 2451 4405 alium
2495 4341 2616 4405 sibi
2659 4341 2966 4406 utiliorem
