<?xml version="1.0" encoding="UTF-8"?>
<!DOCTYPE html PUBLIC "-//W3C//DTD XHTML 1.0 Transitional//EN"
    "http://www.w3.org/TR/xhtml1/DTD/xhtml1-transitional.dtd">
<html xmlns="http://www.w3.org/1999/xhtml" xml:lang="en" lang="en">
 <head>
  <title>
</title>
<meta http-equiv="Content-Type" content="text/html;charset=utf-8" />
  <meta name='ocr-system' content='tesseract 3.04.00' />
  <meta name='ocr-capabilities' content='ocr_page ocr_carea ocr_par ocr_line ocrx_word'/>
</head>
<body>
  <div class='ocr_page' id='page_1' title='image "./diplomatacentum00bresgoog_0140.png"; bbox 0 0 3209 5434; ppageno 0'>
   <div class='ocr_carea' id='block_1_1' title="bbox 1779 519 1910 585">
    <p class='ocr_par' dir='ltr' id='par_1_1' title="bbox 1779 519 1910 585">
     <span class='ocr_line' id='line_1_1' title="bbox 1779 519 1910 585; baseline 0 0"><span class='ocrx_word' id='word_1_1' title='bbox 1779 519 1910 585; x_wconf 83' lang='lat'><strong>120</strong></span> 
     </span>
    </p>
   </div>
   <div class='ocr_carea' id='block_1_2' title="bbox 710 674 2951 3746">
    <p class='ocr_par' dir='ltr' id='par_1_2' title="bbox 710 674 2951 3746">
     <span class='ocr_line' id='line_1_2' title="bbox 713 674 2941 766; baseline -0.005 -17"><span class='ocrx_word' id='word_1_2' title='bbox 713 684 878 749; x_wconf 91' lang='lat' dir='ltr'><strong>liebo</strong></span> <span class='ocrx_word' id='word_1_3' title='bbox 940 688 1206 766; x_wconf 85' lang='lat' dir='ltr'><strong>quatuor</strong></span> <span class='ocrx_word' id='word_1_4' title='bbox 1257 678 1578 765; x_wconf 89' lang='lat' dir='ltr'><strong>predictas</strong></span> <span class='ocrx_word' id='word_1_5' title='bbox 1627 684 1832 744; x_wconf 90' lang='lat' dir='ltr'><strong>curtes</strong></span> <span class='ocrx_word' id='word_1_6' title='bbox 1881 678 2208 761; x_wconf 78' lang='lat' dir='ltr'><strong>SierenzO,</strong></span> <span class='ocrx_word' id='word_1_7' title='bbox 2265 675 2536 759; x_wconf 87' lang='lat' dir='ltr'><strong>Loufen,</strong></span> <span class='ocrx_word' id='word_1_8' title='bbox 2595 674 2941 758; x_wconf 86' lang='lat' dir='ltr'><strong>Ooltingen,</strong></span> 
     </span>
     <span class='ocr_line' id='line_1_3' title="bbox 712 782 2940 870; baseline -0.004 -15"><span class='ocrx_word' id='word_1_9' title='bbox 712 790 1043 857; x_wconf 86' lang='lat' dir='ltr'><strong>Filnaccer</strong></span> <span class='ocrx_word' id='word_1_10' title='bbox 1101 807 1241 853; x_wconf 91' lang='lat' dir='ltr'><strong>cum</strong></span> <span class='ocrx_word' id='word_1_11' title='bbox 1302 786 1471 851; x_wconf 91' lang='lat' dir='ltr'><strong>omni</strong></span> <span class='ocrx_word' id='word_1_12' title='bbox 1507 785 1681 870; x_wconf 91' lang='lat' dir='ltr'><strong>jure,</strong></span> <span class='ocrx_word' id='word_1_13' title='bbox 1745 805 1868 868; x_wconf 90' lang='lat' dir='ltr'><strong>quo</strong></span> <span class='ocrx_word' id='word_1_14' title='bbox 1914 784 2400 869; x_wconf 76' lang='lat' dir='ltr'>possidebantur</span> <span class='ocrx_word' id='word_1_15' title='bbox 2447 784 2527 847; x_wconf 87' lang='lat' dir='ltr'><strong>ab</strong></span> <span class='ocrx_word' id='word_1_16' title='bbox 2574 783 2843 864; x_wconf 87' lang='lat' dir='ltr'><strong>ecclesia</strong></span> <span class='ocrx_word' id='word_1_17' title='bbox 2883 782 2940 847; x_wconf 88' lang='lat' dir='ltr'><strong>S.</strong></span> 
     </span>
     <span class='ocr_line' id='line_1_4' title="bbox 712 888 2945 975; baseline -0.005 -13"><span class='ocrx_word' id='word_1_18' title='bbox 712 897 914 962; x_wconf 82' lang='lat' dir='ltr'><strong>Blasii</strong></span> <span class='ocrx_word' id='word_1_19' title='bbox 971 895 1049 960; x_wconf 95' lang='lat' dir='ltr'><strong>ob</strong></span> <span class='ocrx_word' id='word_1_20' title='bbox 1097 914 1237 959; x_wconf 84' lang='lat' dir='ltr'><strong>eam</strong></span> <span class='ocrx_word' id='word_1_21' title='bbox 1284 893 1528 958; x_wconf 90' lang='lat' dir='ltr'><strong>scilicet</strong></span> <span class='ocrx_word' id='word_1_22' title='bbox 1574 911 1862 975; x_wconf 87' lang='lat' dir='ltr'><strong>causam,</strong></span> <span class='ocrx_word' id='word_1_23' title='bbox 1910 898 1979 957; x_wconf 93' lang='lat' dir='ltr'><strong>ut</strong></span> <span class='ocrx_word' id='word_1_24' title='bbox 2025 890 2227 957; x_wconf 89' lang='lat' dir='ltr'><strong>omnis</strong></span> <span class='ocrx_word' id='word_1_25' title='bbox 2273 890 2433 954; x_wconf 93' lang='lat' dir='ltr'><strong>inter</strong></span> <span class='ocrx_word' id='word_1_26' title='bbox 2479 909 2590 955; x_wconf 91' lang='lat' dir='ltr'><strong>eos</strong></span> <span class='ocrx_word' id='word_1_27' title='bbox 2639 888 2945 954; x_wconf 78' lang='lat' dir='ltr'>discordia</span> 
     </span>
     <span class='ocr_line' id='line_1_5' title="bbox 714 994 2944 1083; baseline -0.004 -15"><span class='ocrx_word' id='word_1_28' title='bbox 714 1023 791 1068; x_wconf 89' lang='lat' dir='ltr'><strong>ac</strong></span> <span class='ocrx_word' id='word_1_29' title='bbox 838 1000 1267 1067; x_wconf 88' lang='lat' dir='ltr'><strong>controversia</strong></span> <span class='ocrx_word' id='word_1_30' title='bbox 1312 998 1391 1064; x_wconf 90' lang='lat' dir='ltr'><strong>de</strong></span> <span class='ocrx_word' id='word_1_31' title='bbox 1440 998 1829 1083; x_wconf 88' lang='lat' dir='ltr'><strong>subjectione</strong></span> <span class='ocrx_word' id='word_1_32' title='bbox 1875 997 2239 1071; x_wconf 88' lang='lat' dir='ltr'><strong>monasterii</strong></span> <span class='ocrx_word' id='word_1_33' title='bbox 2269 996 2332 1062; x_wconf 82' lang='lat' dir='ltr'><strong>S.</strong></span> <span class='ocrx_word' id='word_1_34' title='bbox 2365 997 2566 1061; x_wconf 86' lang='lat' dir='ltr'>Blasii</span> <span class='ocrx_word' id='word_1_35' title='bbox 2615 1002 2798 1077; x_wconf 89' lang='lat' dir='ltr'><strong>atque</strong></span> <span class='ocrx_word' id='word_1_36' title='bbox 2843 994 2944 1059; x_wconf 86' lang='lat' dir='ltr'><strong>ad·</strong></span> 
     </span>
     <span class='ocr_line' id='line_1_6' title="bbox 712 1103 2946 1191; baseline -0.004 -18"><span class='ocrx_word' id='word_1_37' title='bbox 712 1108 993 1190; x_wconf 84' lang='lat' dir='ltr'><strong>vocatia,</strong></span> <span class='ocrx_word' id='word_1_38' title='bbox 1054 1107 1163 1171; x_wconf 90' lang='lat' dir='ltr'><strong>diu</strong></span> <span class='ocrx_word' id='word_1_39' title='bbox 1207 1110 1555 1191; x_wconf 89' lang='lat' dir='ltr'><strong>protracta,</strong></span> <span class='ocrx_word' id='word_1_40' title='bbox 1621 1105 1686 1169; x_wconf 91' lang='lat' dir='ltr'><strong>in</strong></span> <span class='ocrx_word' id='word_1_41' title='bbox 1734 1110 2012 1186; x_wconf 87' lang='lat' dir='ltr'><strong>eternum</strong></span> <span class='ocrx_word' id='word_1_42' title='bbox 2059 1103 2388 1186; x_wconf 89' lang='lat' dir='ltr'><strong>consopita</strong></span> <span class='ocrx_word' id='word_1_43' title='bbox 2432 1103 2804 1187; x_wconf 79' lang='lat' dir='ltr'><strong>penitusque</strong></span> <span class='ocrx_word' id='word_1_44' title='bbox 2849 1121 2946 1165; x_wconf 85' lang='lat' dir='ltr'><strong>ex-</strong></span> 
     </span>
     <span class='ocr_line' id='line_1_7' title="bbox 712 1207 2944 1294; baseline -0.004 -15"><span class='ocrx_word' id='word_1_45' title='bbox 712 1214 910 1279; x_wconf 89' lang='lat' dir='ltr'><strong>tincta</strong></span> <span class='ocrx_word' id='word_1_46' title='bbox 978 1213 1449 1279; x_wconf 79' lang='lat' dir='ltr'><strong>interimeretur.</strong></span> <span class='ocrx_word' id='word_1_47' title='bbox 1548 1211 1898 1294; x_wconf 85' lang='lat' dir='ltr'><strong>Statimque</strong></span> <span class='ocrx_word' id='word_1_48' title='bbox 1967 1211 2034 1274; x_wconf 90' lang='lat' dir='ltr'><strong>in</strong></span> <span class='ocrx_word' id='word_1_49' title='bbox 2097 1210 2320 1275; x_wconf 91' lang='lat' dir='ltr'><strong>eodem</strong></span> <span class='ocrx_word' id='word_1_50' title='bbox 2376 1210 2515 1274; x_wconf 90' lang='lat' dir='ltr'><strong>loco</strong></span> <span class='ocrx_word' id='word_1_51' title='bbox 2572 1207 2944 1274; x_wconf 88' lang='lat' dir='ltr'><strong>Wernherus</strong></span> 
     </span>
     <span class='ocr_line' id='line_1_8' title="bbox 715 1314 2943 1400; baseline -0.004 -14"><span class='ocrx_word' id='word_1_52' title='bbox 715 1339 928 1387; x_wconf 92' lang='lat' dir='ltr'><strong>comes</strong></span> <span class='ocrx_word' id='word_1_53' title='bbox 989 1318 1333 1384; x_wconf 85' lang='lat' dir='ltr'><strong>advocatus</strong></span> <span class='ocrx_word' id='word_1_54' title='bbox 1379 1317 1752 1383; x_wconf 87' lang='lat' dir='ltr'><strong>Basiliensis</strong></span> <span class='ocrx_word' id='word_1_55' title='bbox 1815 1318 2080 1399; x_wconf 87' lang='lat' dir='ltr'><strong>ecclesie</strong></span> <span class='ocrx_word' id='word_1_56' title='bbox 2137 1322 2200 1381; x_wconf 93' lang='lat' dir='ltr'><strong>et</strong></span> <span class='ocrx_word' id='word_1_57' title='bbox 2256 1316 2593 1400; x_wconf 88' lang='lat' dir='ltr'><strong>episcopus</strong></span> <span class='ocrx_word' id='word_1_58' title='bbox 2643 1314 2943 1381; x_wconf 90' lang='lat' dir='ltr'><strong>Ortliebus</strong></span> 
     </span>
     <span class='ocr_line' id='line_1_9' title="bbox 712 1421 2944 1513; baseline -0.003 -21"><span class='ocrx_word' id='word_1_59' title='bbox 712 1426 1109 1513; x_wconf 79' lang='lat' dir='ltr'><strong>presentibus</strong></span> <span class='ocrx_word' id='word_1_60' title='bbox 1156 1431 1217 1491; x_wconf 94' lang='lat' dir='ltr'><strong>et</strong></span> <span class='ocrx_word' id='word_1_61' title='bbox 1263 1424 1798 1490; x_wconf 79' lang='lat' dir='ltr'><strong>consentientibus</strong></span> <span class='ocrx_word' id='word_1_62' title='bbox 1848 1424 2094 1489; x_wconf 90' lang='lat' dir='ltr'><strong>clericis</strong></span> <span class='ocrx_word' id='word_1_63' title='bbox 2128 1427 2190 1487; x_wconf 88' lang='lat' dir='ltr'><strong>et</strong></span> <span class='ocrx_word' id='word_1_64' title='bbox 2218 1422 2507 1487; x_wconf 89' lang='lat' dir='ltr'><strong>fidelibus</strong></span> <span class='ocrx_word' id='word_1_65' title='bbox 2541 1421 2803 1503; x_wconf 79' lang='lat' dir='ltr'><strong>ecclesie</strong></span> <span class='ocrx_word' id='word_1_66' title='bbox 2831 1421 2944 1485; x_wconf 86' lang='lat' dir='ltr'><strong>Ba-</strong></span> 
     </span>
     <span class='ocr_line' id='line_1_10' title="bbox 714 1530 2944 1613; baseline -0.004 -14"><span class='ocrx_word' id='word_1_67' title='bbox 714 1534 990 1599; x_wconf 88' lang='lat' dir='ltr'><strong>siliensis</strong></span> <span class='ocrx_word' id='word_1_68' title='bbox 1037 1531 1489 1598; x_wconf 85' lang='lat' dir='ltr'><strong>abdicaverunt</strong></span> <span class='ocrx_word' id='word_1_69' title='bbox 1534 1537 1723 1613; x_wconf 87' lang='lat' dir='ltr'><strong>atque</strong></span> <span class='ocrx_word' id='word_1_70' title='bbox 1771 1531 2023 1595; x_wconf 90' lang='lat' dir='ltr'><strong>omnino</strong></span> <span class='ocrx_word' id='word_1_71' title='bbox 2071 1530 2542 1612; x_wconf 86' lang='lat' dir='ltr'><strong>abnegaverunt</strong></span> <span class='ocrx_word' id='word_1_72' title='bbox 2573 1548 2818 1593; x_wconf 88' lang='lat' dir='ltr'><strong>omnem</strong></span> <span class='ocrx_word' id='word_1_73' title='bbox 2847 1548 2944 1592; x_wconf 85' lang='lat' dir='ltr'><strong>ex-</strong></span> 
     </span>
     <span class='ocr_line' id='line_1_11' title="bbox 712 1634 2946 1723; baseline -0.004 -18"><span class='ocrx_word' id='word_1_74' title='bbox 712 1640 1217 1723; x_wconf 85' lang='lat' dir='ltr'><strong>postulationem,</strong></span> <span class='ocrx_word' id='word_1_75' title='bbox 1268 1657 1457 1720; x_wconf 88' lang='lat' dir='ltr'><strong>quam</strong></span> <span class='ocrx_word' id='word_1_76' title='bbox 1501 1636 1820 1701; x_wconf 86' lang='lat' dir='ltr'><strong>habebant</strong></span> <span class='ocrx_word' id='word_1_77' title='bbox 1861 1637 1941 1702; x_wconf 91' lang='lat' dir='ltr'><strong>de</strong></span> <span class='ocrx_word' id='word_1_78' title='bbox 1974 1636 2359 1721; x_wconf 89' lang='lat' dir='ltr'><strong>subjectione</strong></span> <span class='ocrx_word' id='word_1_79' title='bbox 2391 1642 2577 1719; x_wconf 87' lang='lat' dir='ltr'><strong>atque</strong></span> <span class='ocrx_word' id='word_1_80' title='bbox 2621 1634 2946 1699; x_wconf 83' lang='lat' dir='ltr'><strong>advocatia</strong></span> 
     </span>
     <span class='ocr_line' id='line_1_12' title="bbox 710 1734 2946 1828; baseline -0.002 -19"><span class='ocrx_word' id='word_1_81' title='bbox 710 1745 1076 1811; x_wconf 91' lang='lat' dir='ltr'><strong>monasterii</strong></span> <span class='ocrx_word' id='word_1_82' title='bbox 1108 1744 1185 1821; x_wconf 76' lang='lat' dir='ltr'><strong>S.</strong></span> <span class='ocrx_word' id='word_1_83' title='bbox 1206 1743 1423 1827; x_wconf 81' lang='lat' dir='ltr'><strong>Blasii,</strong></span> <span class='ocrx_word' id='word_1_84' title='bbox 1473 1734 1877 1828; x_wconf 77' lang='lat' dir='ltr'><strong>legitimeque</strong></span> <span class='ocrx_word' id='word_1_85' title='bbox 1921 1743 2460 1825; x_wconf 87' lang='lat' dir='ltr'><strong>confirmaverunt,</strong></span> <span class='ocrx_word' id='word_1_86' title='bbox 2511 1738 2826 1825; x_wconf 87' lang='lat' dir='ltr'><strong>nunquam</strong></span> <span class='ocrx_word' id='word_1_87' title='bbox 2873 1761 2946 1807; x_wconf 85' lang='lat' dir='ltr'><strong>ex</strong></span> 
     </span>
     <span class='ocr_line' id='line_1_13' title="bbox 712 1848 2945 1934; baseline -0.002 -18"><span class='ocrx_word' id='word_1_88' title='bbox 712 1857 863 1916; x_wconf 89' lang='lat' dir='ltr'><strong>tunc</strong></span> <span class='ocrx_word' id='word_1_89' title='bbox 918 1852 984 1915; x_wconf 92' lang='lat' dir='ltr'><strong>in</strong></span> <span class='ocrx_word' id='word_1_90' title='bbox 1038 1856 1406 1934; x_wconf 87' lang='lat' dir='ltr'><strong>perpetuum</strong></span> <span class='ocrx_word' id='word_1_91' title='bbox 1464 1870 1535 1915; x_wconf 89' lang='lat' dir='ltr'><strong>se</strong></span> <span class='ocrx_word' id='word_1_92' title='bbox 1588 1850 1868 1915; x_wconf 84' lang='lat' dir='ltr'><strong>facturos</strong></span> <span class='ocrx_word' id='word_1_93' title='bbox 1923 1851 2119 1914; x_wconf 88' lang='lat' dir='ltr'><strong>ullam</strong></span> <span class='ocrx_word' id='word_1_94' title='bbox 2177 1850 2529 1915; x_wconf 88' lang='lat' dir='ltr'><strong>molestiam</strong></span> <span class='ocrx_word' id='word_1_95' title='bbox 2585 1850 2691 1915; x_wconf 76' lang='lat' dir='ltr'><strong>vel</strong></span> <span class='ocrx_word' id='word_1_96' title='bbox 2753 1848 2945 1931; x_wconf 91' lang='lat' dir='ltr'><strong>queri·</strong></span> 
     </span>
     <span class='ocr_line' id='line_1_14' title="bbox 711 1954 2947 2041; baseline -0.003 -18"><span class='ocrx_word' id='word_1_97' title='bbox 711 1958 991 2023; x_wconf 91' lang='lat' dir='ltr'><strong>moniam</strong></span> <span class='ocrx_word' id='word_1_98' title='bbox 1047 1957 1128 2022; x_wconf 91' lang='lat' dir='ltr'><strong>de</strong></span> <span class='ocrx_word' id='word_1_99' title='bbox 1187 1957 1473 2023; x_wconf 90' lang='lat' dir='ltr'><strong>omnibus</strong></span> <span class='ocrx_word' id='word_1_100' title='bbox 1531 1958 1742 2039; x_wconf 77' lang='lat' dir='ltr'><strong>boniS,</strong></span> <span class='ocrx_word' id='word_1_101' title='bbox 1805 1977 1926 2040; x_wconf 91' lang='lat' dir='ltr'><strong>que</strong></span> <span class='ocrx_word' id='word_1_102' title='bbox 1977 1957 2044 2021; x_wconf 89' lang='lat' dir='ltr'><strong>in</strong></span> <span class='ocrx_word' id='word_1_103' title='bbox 2089 1957 2544 2040; x_wconf 87' lang='lat' dir='ltr'><strong>presentiarum</strong></span> <span class='ocrx_word' id='word_1_104' title='bbox 2587 1954 2947 2041; x_wconf 84' lang='lat' dir='ltr'><strong>possidebat</strong></span> 
     </span>
     <span class='ocr_line' id='line_1_15' title="bbox 714 2062 2943 2149; baseline -0.003 -18"><span class='ocrx_word' id='word_1_105' title='bbox 714 2065 987 2149; x_wconf 86' lang='lat' dir='ltr'><strong>ecclesia</strong></span> <span class='ocrx_word' id='word_1_106' title='bbox 1031 2064 1199 2130; x_wconf 88' lang='lat' dir='ltr'><strong>beati</strong></span> <span class='ocrx_word' id='word_1_107' title='bbox 1229 2064 1430 2129; x_wconf 88' lang='lat' dir='ltr'><strong>Blasii</strong></span> <span class='ocrx_word' id='word_1_108' title='bbox 1476 2070 1538 2129; x_wconf 94' lang='lat' dir='ltr'><strong>et</strong></span> <span class='ocrx_word' id='word_1_109' title='bbox 1582 2064 1842 2148; x_wconf 87' lang='lat' dir='ltr'><strong>insuper</strong></span> <span class='ocrx_word' id='word_1_110' title='bbox 1886 2062 2284 2146; x_wconf 87' lang='lat' dir='ltr'><strong>privilegium</strong></span> <span class='ocrx_word' id='word_1_111' title='bbox 2330 2069 2665 2145; x_wconf 86' lang='lat' dir='ltr'><strong>ceteraque</strong></span> <span class='ocrx_word' id='word_1_112' title='bbox 2699 2062 2943 2145; x_wconf 80' lang='lat' dir='ltr'><strong>scripta,</strong></span> 
     </span>
     <span class='ocr_line' id='line_1_16' title="bbox 714 2168 2946 2256; baseline -0.002 -19"><span class='ocrx_word' id='word_1_113' title='bbox 714 2188 836 2256; x_wconf 89' lang='lat' dir='ltr'><strong>que</strong></span> <span class='ocrx_word' id='word_1_114' title='bbox 899 2171 1218 2236; x_wconf 87' lang='lat' dir='ltr'><strong>habebant</strong></span> <span class='ocrx_word' id='word_1_115' title='bbox 1286 2176 1504 2235; x_wconf 90' lang='lat' dir='ltr'><strong>contra</strong></span> <span class='ocrx_word' id='word_1_116' title='bbox 1574 2170 1925 2236; x_wconf 89' lang='lat' dir='ltr'><strong>libertatem</strong></span> <span class='ocrx_word' id='word_1_117' title='bbox 1980 2170 2343 2234; x_wconf 89' lang='lat' dir='ltr'><strong>monasterii</strong></span> <span class='ocrx_word' id='word_1_118' title='bbox 2401 2169 2465 2233; x_wconf 89' lang='lat' dir='ltr'><strong>S.</strong></span> <span class='ocrx_word' id='word_1_119' title='bbox 2511 2169 2713 2234; x_wconf 84' lang='lat' dir='ltr'><strong>Blasii</strong></span> <span class='ocrx_word' id='word_1_120' title='bbox 2771 2168 2946 2233; x_wconf 89' lang='lat' dir='ltr'><strong>nobis</strong></span> 
     </span>
     <span class='ocr_line' id='line_1_17' title="bbox 711 2275 2944 2360; baseline -0.003 -16"><span class='ocrx_word' id='word_1_121' title='bbox 711 2277 1135 2344; x_wconf 87' lang='lat' dir='ltr'><strong>reddiderunt.</strong></span> <span class='ocrx_word' id='word_1_122' title='bbox 1220 2277 1355 2342; x_wconf 86' lang='lat' dir='ltr'><strong>Nos</strong></span> <span class='ocrx_word' id='word_1_123' title='bbox 1425 2278 1638 2359; x_wconf 84' lang='lat' dir='ltr'><strong>itaque</strong></span> <span class='ocrx_word' id='word_1_124' title='bbox 1704 2277 2058 2360; x_wconf 87' lang='lat' dir='ltr'><strong>petentibus</strong></span> <span class='ocrx_word' id='word_1_125' title='bbox 2116 2281 2179 2341; x_wconf 90' lang='lat' dir='ltr'><strong>et</strong></span> <span class='ocrx_word' id='word_1_126' title='bbox 2204 2330 2208 2335; x_wconf 91' lang='lat'><strong>.</strong></span> <span class='ocrx_word' id='word_1_127' title='bbox 2231 2276 2398 2340; x_wconf 88' lang='lat' dir='ltr'><strong>hanc</strong></span> <span class='ocrx_word' id='word_1_128' title='bbox 2453 2275 2944 2357; x_wconf 79' lang='lat' dir='ltr'><strong>conventionem,</strong></span> 
     </span>
     <span class='ocr_line' id='line_1_18' title="bbox 715 2382 2944 2470; baseline -0.002 -21"><span class='ocrx_word' id='word_1_129' title='bbox 715 2385 895 2470; x_wconf 86' lang='lat' dir='ltr'><strong>pacis</strong></span> <span class='ocrx_word' id='word_1_130' title='bbox 944 2383 1445 2448; x_wconf 88' lang='lat' dir='ltr'><strong>collaudantibus</strong></span> <span class='ocrx_word' id='word_1_131' title='bbox 1482 2383 1870 2467; x_wconf 88' lang='lat' dir='ltr'><strong>principibus</strong></span> <span class='ocrx_word' id='word_1_132' title='bbox 1909 2403 2065 2465; x_wconf 90' lang='lat' dir='ltr'><strong>eam,</strong></span> <span class='ocrx_word' id='word_1_133' title='bbox 2116 2402 2235 2466; x_wconf 89' lang='lat' dir='ltr'><strong>que</strong></span> <span class='ocrx_word' id='word_1_134' title='bbox 2264 2382 2434 2447; x_wconf 85' lang='lat' dir='ltr'><strong>facta</strong></span> <span class='ocrx_word' id='word_1_135' title='bbox 2465 2388 2599 2447; x_wconf 88' lang='lat' dir='ltr'><strong>erat</strong></span> <span class='ocrx_word' id='word_1_136' title='bbox 2628 2382 2790 2447; x_wconf 91' lang='lat' dir='ltr'><strong>inter</strong></span> <span class='ocrx_word' id='word_1_137' title='bbox 2819 2400 2944 2461; x_wconf 77' lang='lat' dir='ltr'><strong>eOS,</strong></span> 
     </span>
     <span class='ocr_line' id='line_1_19' title="bbox 716 2482 2950 2575; baseline -0.002 -20"><span class='ocrx_word' id='word_1_138' title='bbox 716 2488 1052 2571; x_wconf 74' lang='lat' dir='ltr'><strong>concordie</strong></span> <span class='ocrx_word' id='word_1_139' title='bbox 1086 2490 1601 2575; x_wconf 90' lang='lat' dir='ltr'><strong>compositionem</strong></span> <span class='ocrx_word' id='word_1_140' title='bbox 1649 2490 1826 2572; x_wconf 86' lang='lat' dir='ltr'><strong>regia</strong></span> <span class='ocrx_word' id='word_1_141' title='bbox 1868 2488 2197 2573; x_wconf 86' lang='lat' dir='ltr'><strong>majestate</strong></span> <span class='ocrx_word' id='word_1_142' title='bbox 2241 2488 2745 2553; x_wconf 87' lang='lat' dir='ltr'><strong>confirmavimus</strong></span> <span class='ocrx_word' id='word_1_143' title='bbox 2762 2482 2825 2570; x_wconf 89' lang='lat'><strong>¹).</strong></span> <span class='ocrx_word' id='word_1_144' title='bbox 2873 2487 2950 2551; x_wconf 87' lang='lat' dir='ltr'><strong>Et</strong></span> 
     </span>
     <span class='ocr_line' id='line_1_20' title="bbox 714 2595 2950 2680; baseline -0.001 -19"><span class='ocrx_word' id='word_1_145' title='bbox 714 2604 781 2661; x_wconf 93' lang='lat' dir='ltr'><strong>ut</strong></span> <span class='ocrx_word' id='word_1_146' title='bbox 853 2596 971 2677; x_wconf 87' lang='lat' dir='ltr'><strong>hec</strong></span> <span class='ocrx_word' id='word_1_147' title='bbox 1030 2595 1418 2661; x_wconf 89' lang='lat' dir='ltr'><strong>confirmatio</strong></span> <span class='ocrx_word' id='word_1_148' title='bbox 1492 2602 1680 2679; x_wconf 86' lang='lat' dir='ltr'><strong>atque</strong></span> <span class='ocrx_word' id='word_1_149' title='bbox 1735 2596 2106 2680; x_wconf 91' lang='lat' dir='ltr'><strong>compositio</strong></span> <span class='ocrx_word' id='word_1_150' title='bbox 2165 2595 2407 2660; x_wconf 86' lang='lat' dir='ltr'><strong>stabilis</strong></span> <span class='ocrx_word' id='word_1_151' title='bbox 2463 2596 2950 2677; x_wconf 81' lang='lat' dir='ltr'><strong>inconvulsaque</strong></span> 
     </span>
     <span class='ocr_line' id='line_1_21' title="bbox 714 2701 2950 2787; baseline -0.001 -19"><span class='ocrx_word' id='word_1_152' title='bbox 714 2707 1083 2787; x_wconf 88' lang='lat' dir='ltr'><strong>permaneat</strong></span> <span class='ocrx_word' id='word_1_153' title='bbox 1150 2703 1317 2766; x_wconf 91' lang='lat' dir='ltr'><strong>omni</strong></span> <span class='ocrx_word' id='word_1_154' title='bbox 1374 2701 1675 2785; x_wconf 85' lang='lat' dir='ltr'><strong>deinceps</strong></span> <span class='ocrx_word' id='word_1_155' title='bbox 1743 2708 2053 2785; x_wconf 89' lang='lat' dir='ltr'><strong>tempore,</strong></span> <span class='ocrx_word' id='word_1_156' title='bbox 2125 2702 2291 2767; x_wconf 86' lang='lat' dir='ltr'><strong>hanc</strong></span> <span class='ocrx_word' id='word_1_157' title='bbox 2346 2708 2585 2766; x_wconf 89' lang='lat' dir='ltr'><strong>cartam</strong></span> <span class='ocrx_word' id='word_1_158' title='bbox 2645 2701 2950 2767; x_wconf 89' lang='lat' dir='ltr'><strong>conscribi</strong></span> 
     </span>
     <span class='ocr_line' id='line_1_22' title="bbox 713 2807 2946 2897; baseline 0 -24"><span class='ocrx_word' id='word_1_159' title='bbox 713 2826 1029 2890; x_wconf 90' lang='lat' dir='ltr'><strong>manuque</strong></span> <span class='ocrx_word' id='word_1_160' title='bbox 1072 2807 1331 2891; x_wconf 89' lang='lat' dir='ltr'><strong>propria</strong></span> <span class='ocrx_word' id='word_1_161' title='bbox 1378 2808 1852 2873; x_wconf 88' lang='lat' dir='ltr'><strong>corroborantes</strong></span> <span class='ocrx_word' id='word_1_162' title='bbox 1899 2808 2093 2891; x_wconf 86' lang='lat' dir='ltr'><strong>sigilli</strong></span> <span class='ocrx_word' id='word_1_163' title='bbox 2139 2809 2338 2897; x_wconf 80' lang='lat' dir='ltr'><strong>nostri</strong></span> <span class='ocrx_word' id='word_1_164' title='bbox 2365 2809 2781 2893; x_wconf 90' lang='lat' dir='ltr'><strong>impressione</strong></span> <span class='ocrx_word' id='word_1_165' title='bbox 2815 2808 2946 2893; x_wconf 88' lang='lat' dir='ltr'><strong>jus-</strong></span> 
     </span>
     <span class='ocr_line' id='line_1_23' title="bbox 716 2914 2949 3000; baseline -0 -20"><span class='ocrx_word' id='word_1_166' title='bbox 716 2915 911 2981; x_wconf 88' lang='lat' dir='ltr'><strong>simus</strong></span> <span class='ocrx_word' id='word_1_167' title='bbox 969 2914 1275 2997; x_wconf 85' lang='lat' dir='ltr'><strong>insigniri.</strong></span> <span class='ocrx_word' id='word_1_168' title='bbox 1363 2914 1432 2980; x_wconf 85' lang='lat' dir='ltr'><strong>Si</strong></span> <span class='ocrx_word' id='word_1_169' title='bbox 1489 2914 1632 2997; x_wconf 92' lang='lat' dir='ltr'><strong>quis</strong></span> <span class='ocrx_word' id='word_1_170' title='bbox 1687 2914 1898 2997; x_wconf 90' lang='lat' dir='ltr'><strong>itaque</strong></span> <span class='ocrx_word' id='word_1_171' title='bbox 1950 2914 2138 3000; x_wconf 90' lang='lat' dir='ltr'><strong>hujus</strong></span> <span class='ocrx_word' id='word_1_172' title='bbox 2187 2915 2375 2980; x_wconf 90' lang='lat' dir='ltr'><strong>edicti</strong></span> <span class='ocrx_word' id='word_1_173' title='bbox 2421 2915 2949 2980; x_wconf 86' lang='lat' dir='ltr'><strong>confirmationem</strong></span> 
     </span>
     <span class='ocr_line' id='line_1_24' title="bbox 716 3021 2949 3106; baseline -0.001 -18"><span class='ocrx_word' id='word_1_174' title='bbox 716 3022 957 3088; x_wconf 85' lang='lat' dir='ltr'><strong>violare</strong></span> <span class='ocrx_word' id='word_1_175' title='bbox 1018 3022 1471 3106; x_wconf 90' lang='lat' dir='ltr'><strong>presumpserit</strong></span> <span class='ocrx_word' id='word_1_176' title='bbox 1528 3027 1636 3085; x_wconf 91' lang='lat' dir='ltr'><strong>aut</strong></span> <span class='ocrx_word' id='word_1_177' title='bbox 1690 3022 2070 3105; x_wconf 89' lang='lat' dir='ltr'><strong>inquietare,</strong></span> <span class='ocrx_word' id='word_1_178' title='bbox 2143 3023 2276 3086; x_wconf 87' lang='lat' dir='ltr'><strong>auri</strong></span> <span class='ocrx_word' id='word_1_179' title='bbox 2331 3021 2653 3105; x_wconf 89' lang='lat' dir='ltr'><strong>purissimi</strong></span> <span class='ocrx_word' id='word_1_180' title='bbox 2710 3028 2949 3087; x_wconf 88' lang='lat' dir='ltr'><strong>centum</strong></span> 
     </span>
     <span class='ocr_line' id='line_1_25' title="bbox 713 3127 2949 3212; baseline -0.001 -19"><span class='ocrx_word' id='word_1_181' title='bbox 713 3128 908 3193; x_wconf 89' lang='lat' dir='ltr'><strong>libras</strong></span> <span class='ocrx_word' id='word_1_182' title='bbox 969 3134 1333 3212; x_wconf 84' lang='lat' dir='ltr'><strong>componat,</strong></span> <span class='ocrx_word' id='word_1_183' title='bbox 1398 3127 1727 3192; x_wconf 89' lang='lat' dir='ltr'><strong>dimidium</strong></span> <span class='ocrx_word' id='word_1_184' title='bbox 1785 3148 2029 3209; x_wconf 88' lang='lat' dir='ltr'><strong>camere</strong></span> <span class='ocrx_word' id='word_1_185' title='bbox 2085 3134 2296 3209; x_wconf 87' lang='lat' dir='ltr'><strong>nostre</strong></span> <span class='ocrx_word' id='word_1_186' title='bbox 2355 3134 2416 3192; x_wconf 91' lang='lat' dir='ltr'><strong>et</strong></span> <span class='ocrx_word' id='word_1_187' title='bbox 2461 3127 2786 3192; x_wconf 92' lang='lat' dir='ltr'><strong>dimidium</strong></span> <span class='ocrx_word' id='word_1_188' title='bbox 2829 3127 2949 3212; x_wconf 88' lang='lat' dir='ltr'><strong>ipsi</strong></span> 
     </span>
     <span class='ocr_line' id='line_1_26' title="bbox 718 3233 2949 3319; baseline -0.001 -20"><span class='ocrx_word' id='word_1_189' title='bbox 718 3234 1000 3315; x_wconf 86' lang='lat' dir='ltr'><strong>ecclesie.</strong></span> <span class='ocrx_word' id='word_1_190' title='bbox 1091 3235 1255 3298; x_wconf 91' lang='lat' dir='ltr'><strong>Huic</strong></span> <span class='ocrx_word' id='word_1_191' title='bbox 1311 3254 1467 3300; x_wconf 87' lang='lat' dir='ltr'><strong>vero</strong></span> <span class='ocrx_word' id='word_1_192' title='bbox 1515 3234 1644 3299; x_wconf 89' lang='lat' dir='ltr'><strong>litis</strong></span> <span class='ocrx_word' id='word_1_193' title='bbox 1705 3254 1782 3298; x_wconf 90' lang='lat' dir='ltr'><strong>ac</strong></span> <span class='ocrx_word' id='word_1_194' title='bbox 1838 3234 2300 3301; x_wconf 83' lang='lat' dir='ltr'><strong>discordiarum</strong></span> <span class='ocrx_word' id='word_1_195' title='bbox 2340 3234 2509 3300; x_wconf 85' lang='lat' dir='ltr'><strong>felici</strong></span> <span class='ocrx_word' id='word_1_196' title='bbox 2555 3233 2949 3319; x_wconf 90' lang='lat' dir='ltr'><strong>diremptioni</strong></span> 
     </span>
     <span class='ocr_line' id='line_1_27' title="bbox 716 3340 2946 3426; baseline -0.001 -21"><span class='ocrx_word' id='word_1_197' title='bbox 716 3345 779 3405; x_wconf 90' lang='lat' dir='ltr'><strong>et</strong></span> <span class='ocrx_word' id='word_1_198' title='bbox 822 3340 1078 3403; x_wconf 90' lang='lat' dir='ltr'><strong>unitatis</strong></span> <span class='ocrx_word' id='word_1_199' title='bbox 1126 3344 1335 3422; x_wconf 87' lang='lat' dir='ltr'><strong>optate</strong></span> <span class='ocrx_word' id='word_1_200' title='bbox 1375 3340 1802 3406; x_wconf 86' lang='lat' dir='ltr'><strong>reformationi</strong></span> <span class='ocrx_word' id='word_1_201' title='bbox 1843 3342 1951 3424; x_wconf 92' lang='lat' dir='ltr'><strong>hii,</strong></span> <span class='ocrx_word' id='word_1_202' title='bbox 2002 3341 2109 3424; x_wconf 91' lang='lat' dir='ltr'><strong>qui</strong></span> <span class='ocrx_word' id='word_1_203' title='bbox 2151 3342 2488 3426; x_wconf 86' lang='lat' dir='ltr'><strong>subscripti</strong></span> <span class='ocrx_word' id='word_1_204' title='bbox 2533 3348 2696 3425; x_wconf 89' lang='lat' dir='ltr'><strong>sunt,</strong></span> <span class='ocrx_word' id='word_1_205' title='bbox 2742 3340 2946 3407; x_wconf 90' lang='lat' dir='ltr'><strong>idonei</strong></span> 
     </span>
     <span class='ocr_line' id='line_1_28' title="bbox 716 3444 2951 3534; baseline 0.001 -24"><span class='ocrx_word' id='word_1_206' title='bbox 716 3450 909 3511; x_wconf 91' lang='lat' dir='ltr'><strong>testes</strong></span> <span class='ocrx_word' id='word_1_207' title='bbox 976 3444 1339 3510; x_wconf 88' lang='lat' dir='ltr'><strong>interfuere:</strong></span> <span class='ocrx_word' id='word_1_208' title='bbox 1410 3446 1863 3512; x_wconf 89' lang='lat' dir='ltr'><strong>Thiodewinus</strong></span> <span class='ocrx_word' id='word_1_209' title='bbox 1929 3453 2147 3512; x_wconf 87' lang='lat' dir='ltr'><strong>sancte</strong></span> <span class='ocrx_word' id='word_1_210' title='bbox 2201 3448 2423 3529; x_wconf 87' lang='lat' dir='ltr'><strong>Rufine</strong></span> <span class='ocrx_word' id='word_1_211' title='bbox 2493 3450 2827 3534; x_wconf 90' lang='lat' dir='ltr'><strong>episcopus</strong></span> <span class='ocrx_word' id='word_1_212' title='bbox 2893 3454 2951 3513; x_wconf 91' lang='lat' dir='ltr'><strong>et</strong></span> 
     </span>
     <span class='ocr_line' id='line_1_29' title="bbox 717 3551 2942 3640; baseline 0 -23"><span class='ocrx_word' id='word_1_213' title='bbox 717 3552 1063 3637; x_wconf 86' lang='lat' dir='ltr'><strong>apostolice</strong></span> <span class='ocrx_word' id='word_1_214' title='bbox 1108 3551 1280 3617; x_wconf 89' lang='lat' dir='ltr'><strong>sedis</strong></span> <span class='ocrx_word' id='word_1_215' title='bbox 1325 3553 1591 3636; x_wconf 87' lang='lat' dir='ltr'><strong>legatus,</strong></span> <span class='ocrx_word' id='word_1_216' title='bbox 1619 3553 1940 3618; x_wconf 63' lang='lat' dir='ltr'><strong>⁴Adelbero</strong></span> <span class='ocrx_word' id='word_1_217' title='bbox 1973 3554 2381 3619; x_wconf 86' lang='lat' dir='ltr'><strong>Treverensis</strong></span> <span class='ocrx_word' id='word_1_218' title='bbox 2417 3555 2942 3640; x_wconf 86' lang='lat' dir='ltr'><strong>archiepiscopus,</strong></span> 
     </span>
     <span class='ocr_line' id='line_1_30' title="bbox 721 3657 2948 3746; baseline 0.001 -23"><span class='ocrx_word' id='word_1_219' title='bbox 721 3657 1128 3723; x_wconf 90' lang='lat' dir='ltr'><strong>Burchardus</strong></span> <span class='ocrx_word' id='word_1_220' title='bbox 1158 3658 1640 3742; x_wconf 87' lang='lat' dir='ltr'><strong>Argentinensis</strong></span> <span class='ocrx_word' id='word_1_221' title='bbox 1687 3661 2042 3744; x_wconf 76' lang='lat' dir='ltr'><strong>episcopUS,</strong></span> <span class='ocrx_word' id='word_1_222' title='bbox 2093 3661 2384 3726; x_wconf 87' lang='lat' dir='ltr'><strong>Embrico</strong></span> <span class='ocrx_word' id='word_1_223' title='bbox 2415 3661 2948 3746; x_wconf 80' lang='lat' dir='ltr'><strong>wirzeburgensis</strong></span> 
     </span>
    </p>
   </div>
   <div class='ocr_carea' id='block_1_3' title="bbox 720 3852 1145 3861">
    <p class='ocr_par' dir='ltr' id='par_1_3' title="bbox 720 3852 1145 3861">
     <span class='ocr_line' id='line_1_31' title="bbox 720 3852 1145 3861; baseline 0 0"><span class='ocrx_word' id='word_1_224' title='bbox 720 3852 1145 3861; x_wconf 95' lang='lat' dir='ltr'><strong> </strong></span> 
     </span>
    </p>
   </div>
   <div class='ocr_carea' id='block_1_4' title="bbox 716 3971 2951 4310">
    <p class='ocr_par' dir='ltr' id='par_1_4' title="bbox 716 3971 2951 4310">
     <span class='ocr_line' id='line_1_32' title="bbox 896 3971 2950 4045; baseline 0.001 -19"><span class='ocrx_word' id='word_1_225' title='bbox 896 3974 940 4036; x_wconf 89' lang='lat'><strong>¹)</strong></span> <span class='ocrx_word' id='word_1_226' title='bbox 986 3971 1254 4027; x_wconf 83' lang='lat' dir='ltr'><strong>Trouillat</strong></span> <span class='ocrx_word' id='word_1_227' title='bbox 1300 3974 1358 4027; x_wconf 84' lang='lat' dir='ltr'><strong>et</strong></span> <span class='ocrx_word' id='word_1_228' title='bbox 1392 3972 1658 4044; x_wconf 83' lang='lat' dir='ltr'><strong>Herrgott</strong></span> <span class='ocrx_word' id='word_1_229' title='bbox 1711 3973 1801 4028; x_wconf 86' lang='lat' dir='ltr'><strong>hic</strong></span> <span class='ocrx_word' id='word_1_230' title='bbox 1852 3973 2088 4033; x_wconf 86' lang='lat' dir='ltr'><strong>addunt:</strong></span> <span class='ocrx_word' id='word_1_231' title='bbox 2143 3974 2299 4043; x_wconf 81' lang='lat' dir='ltr'><strong>regia</strong></span> <span class='ocrx_word' id='word_1_232' title='bbox 2353 3990 2576 4045; x_wconf 87' lang='lat' dir='ltr'><strong>quoque</strong></span> <span class='ocrx_word' id='word_1_233' title='bbox 2629 3975 2950 4030; x_wconf 81' lang='lat' dir='ltr'><strong>auctoritate</strong></span> 
     </span>
     <span class='ocr_line' id='line_1_33' title="bbox 716 4059 2950 4133; baseline 0.002 -21"><span class='ocrx_word' id='word_1_234' title='bbox 716 4059 1103 4129; x_wconf 82' lang='lat' dir='ltr'><strong>praecipiendo</strong></span> <span class='ocrx_word' id='word_1_235' title='bbox 1152 4061 1333 4127; x_wconf 87' lang='lat' dir='ltr'><strong>(deest</strong></span> <span class='ocrx_word' id='word_1_236' title='bbox 1378 4078 1466 4131; x_wconf 85' lang='lat' dir='ltr'><strong>ap.</strong></span> <span class='ocrx_word' id='word_1_237' title='bbox 1494 4063 1584 4129; x_wconf 90' lang='lat' dir='ltr'><strong>T.)</strong></span> <span class='ocrx_word' id='word_1_238' title='bbox 1634 4063 1956 4132; x_wconf 87' lang='lat' dir='ltr'><strong>statuimus,</strong></span> <span class='ocrx_word' id='word_1_239' title='bbox 2005 4068 2070 4120; x_wconf 87' lang='lat' dir='ltr'><strong>ut</strong></span> <span class='ocrx_word' id='word_1_240' title='bbox 2117 4080 2296 4133; x_wconf 88' lang='lat' dir='ltr'><strong>neque</strong></span> <span class='ocrx_word' id='word_1_241' title='bbox 2344 4064 2617 4119; x_wconf 88' lang='lat' dir='ltr'><strong>Ortliebus</strong></span> <span class='ocrx_word' id='word_1_242' title='bbox 2669 4064 2950 4133; x_wconf 85' lang='lat' dir='ltr'><strong>episcopus</strong></span> 
     </span>
     <span class='ocr_line' id='line_1_34' title="bbox 718 4146 2951 4222; baseline 0.002 -22"><span class='ocrx_word' id='word_1_243' title='bbox 718 4162 896 4217; x_wconf 88' lang='lat' dir='ltr'><strong>neque</strong></span> <span class='ocrx_word' id='word_1_244' title='bbox 941 4146 1138 4217; x_wconf 83' lang='lat' dir='ltr'><strong>aliquis</strong></span> <span class='ocrx_word' id='word_1_245' title='bbox 1182 4164 1562 4206; x_wconf 86' lang='lat' dir='ltr'><strong>successorum</strong></span> <span class='ocrx_word' id='word_1_246' title='bbox 1612 4153 1732 4221; x_wconf 85' lang='lat' dir='ltr'><strong>ejus</strong></span> <span class='ocrx_word' id='word_1_247' title='bbox 1780 4154 2225 4220; x_wconf 84' lang='lat' dir='ltr'><strong>praenominatas</strong></span> <span class='ocrx_word' id='word_1_248' title='bbox 2270 4153 2410 4208; x_wconf 87' lang='lat' dir='ltr'><strong>duas</strong></span> <span class='ocrx_word' id='word_1_249' title='bbox 2447 4157 2656 4222; x_wconf 87' lang='lat' dir='ltr'><strong>curtes,</strong></span> <span class='ocrx_word' id='word_1_250' title='bbox 2702 4152 2951 4208; x_wconf 90' lang='lat' dir='ltr'><strong>videlicet</strong></span> 
     </span>
     <span class='ocr_line' id='line_1_35' title="bbox 718 4232 2951 4310; baseline 0.002 -21"><span class='ocrx_word' id='word_1_251' title='bbox 718 4232 977 4292; x_wconf 84' lang='lat' dir='ltr'><strong>Sierenzo</strong></span> <span class='ocrx_word' id='word_1_252' title='bbox 1016 4236 1103 4303; x_wconf 90' lang='lat' dir='ltr'><strong>(T.</strong></span> <span class='ocrx_word' id='word_1_253' title='bbox 1130 4237 1249 4307; x_wconf 88' lang='lat' dir='ltr'><strong>zho‚</strong></span> <span class='ocrx_word' id='word_1_254' title='bbox 1286 4239 1355 4292; x_wconf 90' lang='lat' dir='ltr'><strong>H.</strong></span> <span class='ocrx_word' id='word_1_255' title='bbox 1382 4237 1474 4305; x_wconf 93' lang='lat' dir='ltr'><strong>ho)</strong></span> <span class='ocrx_word' id='word_1_256' title='bbox 1513 4244 1569 4293; x_wconf 92' lang='lat' dir='ltr'><strong>et</strong></span> <span class='ocrx_word' id='word_1_257' title='bbox 1603 4238 1818 4294; x_wconf 90' lang='lat' dir='ltr'><strong>Loufen</strong></span> <span class='ocrx_word' id='word_1_258' title='bbox 1854 4241 2107 4310; x_wconf 83' lang='lat' dir='ltr'><strong>cuiquam</strong></span> <span class='ocrx_word' id='word_1_259' title='bbox 2146 4242 2201 4295; x_wconf 90' lang='lat' dir='ltr'><strong>in</strong></span> <span class='ocrx_word' id='word_1_260' title='bbox 2221 4239 2548 4296; x_wconf 90' lang='lat' dir='ltr'><strong>beneficium</strong></span> <span class='ocrx_word' id='word_1_261' title='bbox 2574 4246 2822 4310; x_wconf 84' lang='lat' dir='ltr'><strong>prestare</strong></span> <span class='ocrx_word' id='word_1_262' title='bbox 2856 4255 2951 4295; x_wconf 85' lang='lat' dir='ltr'><strong>seu</strong></span> 
     </span>
    </p>
   </div>
   <div class='ocr_carea' id='block_1_5' title="bbox 718 4322 2951 4478">
    <p class='ocr_par' dir='ltr' id='par_1_5' title="bbox 718 4322 2951 4478">
     <span class='ocr_line' id='line_1_36' title="bbox 719 4322 2951 4397; baseline 0.004 -22"><span class='ocrx_word' id='word_1_263' title='bbox 719 4322 959 4377; x_wconf 88' lang='lat' dir='ltr'><strong>vendere</strong></span> <span class='ocrx_word' id='word_1_264' title='bbox 995 4326 1084 4379; x_wconf 88' lang='lat' dir='ltr'><strong>vel</strong></span> <span class='ocrx_word' id='word_1_265' title='bbox 1121 4329 1459 4381; x_wconf 86' lang='lat' dir='ltr'><strong>commutare</strong></span> <span class='ocrx_word' id='word_1_266' title='bbox 1496 4328 1585 4382; x_wconf 91' lang='lat' dir='ltr'><strong>vel</strong></span> <span class='ocrx_word' id='word_1_267' title='bbox 1623 4327 1806 4397; x_wconf 90' lang='lat' dir='ltr'><strong>aliquo</strong></span> <span class='ocrx_word' id='word_1_268' title='bbox 1843 4328 2006 4383; x_wconf 93' lang='lat' dir='ltr'><strong>modo</strong></span> <span class='ocrx_word' id='word_1_269' title='bbox 2044 4328 2114 4384; x_wconf 84' lang='lat' dir='ltr'><strong>ab</strong></span> <span class='ocrx_word' id='word_1_270' title='bbox 2139 4330 2374 4385; x_wconf 85' lang='lat' dir='ltr'><strong>ecclesia</strong></span> <span class='ocrx_word' id='word_1_271' title='bbox 2397 4329 2689 4385; x_wconf 83' lang='lat' dir='ltr'><strong>Basiliensi</strong></span> <span class='ocrx_word' id='word_1_272' title='bbox 2723 4330 2951 4385; x_wconf 85' lang='lat' dir='ltr'><strong>alienare</strong></span> 
     </span>
     <span class='ocr_line' id='line_1_37' title="bbox 718 4411 1401 4478; baseline 0.007 -14"><span class='ocrx_word' id='word_1_273' title='bbox 718 4416 1051 4478; x_wconf 84' lang='lat' dir='ltr'><strong>praesumat.</strong></span> <span class='ocrx_word' id='word_1_274' title='bbox 1108 4411 1189 4467; x_wconf 84' lang='lat' dir='ltr'><strong>Cf.</strong></span> <span class='ocrx_word' id='word_1_275' title='bbox 1217 4417 1401 4469; x_wconf 83' lang='lat' dir='ltr'><strong>annot.</strong></span> 
     </span>
    </p>
   </div>
  </div>
 </body>
</html>
