3209 5434
1773 524 1900 590 102

711 685 1148 768 sociorumque
1193 683 1329 769 ejus
1376 690 1595 749 nostra
1640 684 2010 749 auctoritate
2051 682 2242 767 digne
2281 682 2709 769 superaddere
2741 681 2958 747 decre·

707 791 929 858 vimus.
1002 792 1086 857 Et
1128 797 1197 856 ut
1241 791 1363 856 hoc
1408 789 1655 856 firmum
1699 790 2261 874 inconvulsumque
2306 791 2787 873 omnitempore
2817 808 2957 872 per·

710 905 985 982 severet,
1044 918 1237 963 manu
1284 898 1544 981 propria
1589 898 1840 981 signum
1887 898 1953 962 in
1998 897 2120 963 hac
2130 948 2147 981 ,
2209 918 2398 981 quam
2451 896 2600 962 inde
2644 894 2955 980 jussimus

708 986 1023 1070 conscribi
1069 1010 1324 1087 cartam,
1374 1004 1638 1071 fecimus
1686 1006 2022 1089 sigilloque
2065 1011 2282 1071 nostro
2325 1004 2581 1087 signare
2626 1009 2688 1067 et
2731 1002 2954 1067 confir·

706 1130 881 1177 mare
924 1111 1339 1197 precepimus,

1028 1217 1289 1302 Signum
1322 1216 1560 1282 domini
1582 1217 1866 1283 Heinrici
1895 1217 2072 1283 tercii
2094 1218 2263 1301 regis
2286 1212 2818 1302 invic(M)tissimi,
2854 1236 2950 1283 se-

1134 1324 1324 1390 cundi
1348 1326 1773 1391 Romanorum
1795 1325 2192 1410 imperatoris
2225 1326 2474 1407 augusti
2497 1320 2700 1409 (Sign.
2727 1318 2945 1408 spec).

1027 1431 1437 1497 Winitherius
1495 1432 1912 1498 cancellarius
1969 1433 2108 1498 vice
2151 1431 2468 1497 Bardonis
2526 1431 2888 1498 cancellarii
2903 1426 2950 1514 ²)

1133 1539 1495 1623 recognovi.
1561 1534 1658 1622 (L.
1695 1534 1792 1623 S.)

706 1642 877 1709 Data
920 1645 1176 1711 XVIIII
1219 1645 1534 1711 kalendas
1572 1646 1614 1712 J
1616 1646 1876 1730 anuarii,
1929 1666 2096 1711 anno
2142 1645 2454 1728 dominice
2498 1646 2948 1711 incarnationis

706 1750 1099 1835 MXLVIIII,
1149 1752 1493 1819 indictione
1538 1753 1668 1837 III,
1718 1774 1886 1818 anno
1933 1760 2141 1818 autem
2187 1752 2402 1817 domni
2446 1754 2727 1818 Heinrici
2771 1754 2948 1819 tercii

707 1858 897 1941 regis,
948 1859 1345 1942 imperatoris
1394 1859 1674 1944 secundi,
1725 1860 2140 1926 ordinationis
2189 1860 2324 1945 ejus
2363 1861 2543 1944 XXI,
2595 1861 2771 1944 regni
2817 1861 2946 1943 qui-

708 1962 854 2029 dem
900 1965 1013 2048 XI,
1063 1965 1311 2051 imperii
1359 1973 1568 2033 autem
1597 1967 1714 2031 III.
1787 1967 1863 2032 In
1908 1968 2164 2034 nomine
2208 1967 2464 2033 domini.
2535 1968 2762 2032 Actum
2785 1968 2945 2033 Wir·

704 2070 939 2155 ziburg.
1010 2072 1310 2140 Feliciter
1354 2094 1556 2140 amen.

798 2201 866 2249 Ex
899 2204 1143 2262 exemplari
1183 2206 1368 2277 spurio-
1380 2206 1429 2252 in
1445 2205 1692 2276 -t-abulario
1729 2206 1854 2263 regio
1893 2204 2158 2277 M-onacensi
2193 2208 2440 2254 asservato.
2494 2206 2643 2265 Sigilli
2681 2209 2944 2268 inscriptio:

906 2288 946 2331 -1-
978 2282 1291 2331 HEINRIGVS
1316 2284 1379 2331 DI
1412 2284 1533 2329 GRA
1563 2284 1853 2331 ROMANOR
1883 2286 2025 2331 IMPR
2052 2286 2188 2332 Ave.
2235 2286 2358 2333 Edit.
2375 2287 2496 2333 Mon.
2515 2287 2654 2334 Boica
2671 2288 2846 2344 xxm,
2867 2291 2944 2337 98.

891 2361 1082 2419 Wenck,
1114 2362 1248 2409 Hess.
1267 2362 1601 2421 Laudesgesch.
1625 2364 1660 2420 Ι,
1683 2365 1789 2411 281.
1829 2388 1877 2397 -
1913 2364 2126 2423 Bohmer‚
2156 2365 2269 2425 Reg.
2288 2367 2397 2427 imp.
2425 2368 2559 2415 1600.
2607 2368 2794 2427 Stumpf
2809 2369 2942 2416 2379.

710 2606 832 2679 71.
917 2602 1312 2680 Heinricus·
1343 2603 1430 2681 V.
1488 2606 1886 2707 imperator
1941 2608 2295 2685 ecclesiae
2331 2608 2940 2708 wirceburgensi,

922 2730 1270 2827 episcopo
1308 2728 1653 2826 Erlungo,
1711 2732 2131 2828 dignitatem
2169 2735 2630 2831 judiciariam
2671 2736 2750 2811 in
2795 2741 2942 2811 tota

921 2853 1254 2928 orientali
1307 2852 1617 2931 Francia
1683 2859 2016 2935 restituit.
2123 2866 2159 2934 1
2179 2864 2350 2953 120,
2413 2860 2559 2937 Mai
2601 2868 2666 2936 1.
2752 2861 2936 2940 Wir-

918 2977 1050 3053 ceb
1060 2979 1255 3054 urch.
1897 2973 1904 2979 ’

883 3136 951 3203 Ο.
1024 3138 1100 3202 In
1155 3138 1408 3205 nomine
1474 3147 1734 3206 sanctae
1801 3149 1864 3207 et
1929 3133 2294 3239 individufie
2350 3145 2662 3211 trinitatis.
2751 3146 2937 3211 Hein-

703 3244 869 3309 ricus
918 3243 1133 3309 divina
1177 3245 1429 3311 favente
1475 3249 1808 3313 clementia
1855 3256 2110 3332 quartus
2146 3250 2571 3317 Romanorum
2605 3253 2937 3337 imperator

704 3346 1062 3432 angustast!
1100 3351 1169 3416 Si
1216 3352 1365 3434 quid
1410 3354 1568 3419 locis
1618 3355 1832 3420 divino
1866 3357 2057 3421 cultui
2102 3359 2480 3443 mancipatis
2526 3366 2780 3425 nostrae
2820 3363 2936 3425 lar·

702 3456 916 3539 gitatis
964 3457 1312 3524 stabilimus
1358 3460 1802 3545 munificentia,
1854 3462 2107 3529 divinae
2149 3465 2403 3550 pietatis
2451 3486 2568 3531 nos
2615 3467 2764 3533 inde
2810 3488 2937 3533 cre·

704 3562 911 3629 dimus
959 3570 1021 3628 et
1064 3565 1320 3632 minime
1352 3568 1724 3652 ambigimus
1756 3570 2248 3637 remunerandos
2278 3572 2760 3656 magnificentia.
2832 3575 2937 3641 Sic

657 3757 666 3768 =
704 3670 871 3735 enim
914 3671 1433 3755 predecessorum
1490 3682 1847 3742 nostrorum
1907 3698 2124 3762 regum
2180 3680 2284 3743 vel
2327 3680 2770 3764 imperatorum
2813 3703 2936 3748 me·

702 3761 1002 3841 ritis‘nos
1050 3780 1459 3871 01330ῇο0103,
1510 3783 1565 3847 31
1613 3804 1719 3866 ea,
1778 3804 1942 3867 quae
1986 3806 2102 3869 pro
2151 3792 2403 3851 eternae
2449 3787 2617 3853 vitae
2661 3810 2936 3856 remune-

702 3884 945 3949 ratione
990 3884 1113 3968 ipsi
1158 3886 1316 3951 locis
1348 3888 1487 3953 Deo
1532 3888 1758 3954 dicatis
1807 3892 2217 3975 contulerunt,
2266 3900 2521 3959 nostrae
2552 3896 2937 3961 auctoritatis

704 3993 1020 4075 consensu
1065 3982 1413 4059 stabilimus
1447 4001 1508 4060 et
1538 3996 2036 4063 corroboramus.
2113 4000 2298 4065 Unde
2331 4002 2604 4066 omnium
2636 4002 2938 4113 prffoesens

636 4174 641 4179 .
703 4102 765 4161 et
807 4097 1015 4162 futura
1061 4107 1405 4182 cognoscat
1457 4101 1796 4186 industria,
1857 4102 2123 4186 ¹qualiter
2154 4106 2452 4189 ⁸dignitas
2487 4107 2831 4191 judiclaria
2872 4110 2941 4175 in

701 4207 835 4267 tota
879 4204 1167 4270 orientali
1194 4206 1513 4292 Francia,
1576 4230 1617 4274 a
1662 4209 2215 4294 predecessoribus
2261 4214 2492 4279 nostris
2539 4217 2792 4299 regibus
2838 4217 2944 4283 vel

805 4456 809 4461 -
882 4426 939 4489 ¹)·
962 4426 1058 4480 sic.
1094 4427 1129 4480 l.
1168 4426 1642 4485 archicancellarii.
