3209 5434
1302 486 1386 551 95

222 665 303 709 ex
346 644 534 711 viridi
579 646 742 711 silva
785 646 984 729 facta,
1044 646 1109 710 in
1154 644 1265 730 jus
1325 652 1389 710 et
1444 645 1758 712 dicionem
1815 647 2179 731 praedictae
2226 647 2466 712 aeccle-

186 819 191 825 ,
221 752 358 817 siae
401 751 813 817 tradidissent
854 752 958 817 vel
1004 751 1213 816 adhuc
1253 751 1503 818 tradere
1533 754 1783 836 vellent,
1834 753 1919 817 ad
1949 773 2176 818 causas
2209 753 2466 819 audien-

222 857 404 941 dum,
463 859 567 924 vel
621 858 803 924 freda
860 858 1270 942 exigendum,
1336 866 1443 924 aut
1497 860 1861 925 mansiones
1917 861 2021 925 vel
2071 867 2328 945 paratas
2374 860 2465 925 fa·

224 964 517 1030 ciendum
574 966 674 1029 vel
732 966 811 1030 ab
861 965 952 1030 eis
1012 966 1205 1030 ullam
1251 965 1690 1032 redibitionem
1734 967 2177 1050 requirendum
2233 968 2336 1033 vel
2381 966 2466 1032 ad

224 1071 485 1155 aliquod
531 1092 689 1157 opus
738 1072 992 1137 omnino
1041 1058 1558 1155 destringendum
1574 1068 1622 1156 ¹)
1667 1074 1796 1139 ullo
1841 1094 2140 1157 umquam
2183 1074 2324 1140 loco
2364 1074 2467 1139 vel

222 1185 505 1264 tempore
563 1178 794 1245 audeat
851 1199 1271 1264 praesumere.
1364 1180 1550 1245 Unde
1618 1181 1808 1245 etiam
1864 1180 2034 1246 idem
2087 1175 2466 1247 venerabilis

221 1286 509 1371 pontifex
553 1287 864 1352 Henricus
920 1293 1178 1352 nostrae
1236 1286 1647 1352 dominationi
1699 1287 2109 1372 supplicavit,
2173 1288 2466 1371 quatinus

225 1399 289 1459 et
334 1414 449 1459 nos
502 1393 968 1479 praedictarum
1013 1396 1219 1459 rerum
1266 1394 1699 1460 defensionem
1743 1395 1871 1459 sub'
1901 1401 2156 1460 nostrae
2184 1394 2468 1475 immuni-

224 1501 373 1566 tatis
424 1501 886 1584 susciperemus
932 1501 1276 1567 tuitionem.
1351 1501 1542 1585 Cujus
1589 1501 1967 1585 peticionem
2013 1508 2265 1566 nostrae
2303 1521 2467 1566 sere·

224 1606 442 1671 nitatis
476 1627 627 1672 aure
663 1607 930 1673 libenter
960 1608 1354 1692 percepimus
1386 1608 1677 1690 hancque
1706 1614 1988 1672 nostram
2017 1606 2468 1673 immunitatem

232 1714 407 1778 circa
452 1714 659 1798 ipsam
705 1713 923 1779 sedem
970 1713 1231 1799 ejusque
1276 1716 1594 1799 praelatos
1643 1715 1956 1781 conscribi
2008 1714 2482 1797 mandavimusr

229 1821 298 1885 in
346 1840 471 1903 qua
516 1821 941 1905 praecipimus
986 1821 1508 1903 firmissimaeque
1544 1821 1855 1906 jubemus,
1906 1822 2196 1904 quatinus
2244 1827 2471 1887 cuncta

226 1927 313 1992 ad
360 1927 715 2012 praefatam
764 1928 1141 1994 aecclesiam
1186 1929 1563 2012 pertinentia
1607 1930 1674 1993 in
1721 1914 1909 2012 agris,
1966 1929 2242 2012 pascuiS,
2298 1928 2470 1993 aedi-

223 2033 405 2117 ficiis,
455 2035 637 2100 terris
672 2035 853 2099 cultis
886 2041 949 2100 et
977 2035 1246 2117 incultiS,
1284 2055 1398 2101 seu
1428 2036 1493 2100 in
1524 2030 1898 2118 hominibUS,
1944 2035 2159 2117 serviS,
2196 2035 2460 2118 SclaviS,

228 2141 606 2225 Saxonibus,
657 2140 955 2226 parochis
1004 2140 1106 2207 vel
1154 2142 1418 2207 caeteris
1467 2143 1720 2225 accolis,
1772 2143 1877 2226 qui
1927 2162 1997 2207 se
2039 2143 2144 2207 vel
2175 2162 2324 2206 suas
2365 2160 2467 2205 res

228 2246 435 2315 eidem
482 2250 832 2315 aecclesiae
878 2247 1091 2333 aliquo
1123 2248 1311 2323 modo
1359 2250 1800 2333 manciparunt
1844 2251 1949 2314 vel
1992 2249 2200 2314 adhuc
2234 2248 2469 2312 manci-

227 2375 383 2441 pare
437 2357 684 2439 volunt,
746 2356 1193 2442 cujuscumque
1251 2356 1377 2421 sint
1432 2356 1708 2421 nationis
1765 2356 2023 2442 cujusve
2069 2356 2467 2438 conditionis,

215 2462 624 2545 ‚quocumque
645 2462 791 2548 jure
830 2463 1101 2529 debeant
1145 2464 1377 2545 vivere,
1426 2468 1561 2529 tuta
1591 2469 1653 2527 et
1682 2456 2074 2546 indefensa²)
2108 2463 2222 2527 sub
2253 2468 2472 2526 nostra

231 2569 621 2634 immunitate
667 2570 855 2635 liceat
884 2569 1022 2635 sine
1053 2570 1223 2634 omni
1255 2569 1687 2653 inquietudine
1717 2590 2105 2654 permanere,
2153 2589 2273 2634 nec
2304 2569 2470 2651 quis-

231 2695 423 2758 quam
471 2696 682 2742 comes
730 2678 830 2741 vel
878 2677 1107 2759 aliquis
1140 2676 1427 2760 publicus
1448 2676 1650 2761 judex
1692 2682 1904 2742 noster
1948 2678 2015 2741 in
2046 2679 2179 2742 ulla
2219 2678 2470 2761 penitus

229 2801 299 2847 re
345 2781 672 2867 praefatae
719 2784 1070 2848 aecclesiae
1116 2783 1402 2849 homines
1448 2786 1550 2849 vel
1595 2805 1696 2850 res
1744 2784 1975 2850 audeat
2015 2786 2143 2850 ullo
2177 2803 2472 2867 umquam

228 2895 511 2974 tempore
556 2891 658 2955 vel
704 2890 844 2954 loco
893 2890 1285 2973 destringere
1331 2892 1431 2956 vel
1476 2891 1846 2975 inquietare,
1894 2892 1998 2957 vel
2044 2892 2319 2975 aliquam
2361 2911 2471 2975 po-

228 2990 518 3061 testatem
566 2996 668 3061 vel
703 2996 1207 3081 jurisdictionem
1256 2998 1321 3063 in
1352 3004 1483 3064 toto
1516 2998 1749 3065 ducatu
1793 2998 1894 3064 vel
1941 3000 2234 3064 comeciis
2271 2999 2470 3063 orien-

228 3103 376 3169 talis
421 3104 759 3186 Franciae,
824 3104 948 3169 nisi
1006 3125 1194 3189 super
1239 3106 1580 3189 parochos,
1640 3106 1798 3188 quos
1844 3104 2177 3188 bargildon
2222 3110 2468 3188 vocant,

231 3230 553 3293 exercere,
614 3209 783 3294 quod
844 3211 930 3275 ad
988 3212 1291 3278 honorem
1348 3212 1803 3296 preciosissimi
1857 3212 2154 3296 martyris
2209 3212 2471 3297 Kyliani

232 3318 667 3400 sociorumque
726 3317 863 3402 ejus
919 3325 1138 3383 nostra
1182 3320 1552 3394 auctoritate
1607 3318 1853 3405 dignae>
1895 3318 2321 3404 superaddere
2367 3319 2473 3385 de-

234 3425 561 3489 crevimus.
646 3424 729 3488 Et
787 3431 854 3488 ut
912 3425 1032 3491 hoc
1084 3426 1332 3490 firmum
1374 3426 1936 3508 inconvulsumque
1981 3426 2150 3492 omni
2193 3432 2474 3511 tempore

231 3537 610 3616 perseveret,
658 3552 849 3596 manu
895 3534 1155 3617 propria
1200 3534 1449 3616 signum
1491 3534 1556 3597 in
1589 3533 1727 3616 hac,
1778 3554 1966 3616 quam
1996 3532 2144 3597 inde
2165 3532 2472 3617 jussimus

234 3637 546 3703 conscribi
603 3643 873 3721 cartam,
937 3639 1201 3705 fecimus
1259 3640 1593 3723 sigilloque
1637 3646 1853 3705 nostro
1913 3641 2167 3723 signare
2221 3647 2282 3705 et
2327 3660 2472 3706 con-

229 3743 482 3809 firmare
525 3746 984 3830 praecepimus.

555 3852 818 3935 Signum
877 3852 1092 3918 domni
1148 3853 1431 3918 Heinrici
1496 3854 1895 3920 invictissimi
1959 3860 2020 3920 et
2087 3854 2472 3920 serenissimi

658 3959 1055 4043 imperatoris
1102 3960 1370 4043 augusti.
1441 3956 1538 4042 (L.
1576 3955 1672 4043 S.)
2032 3975 2084 4030 ι’

556 4064 894 4132 Gunterius
941 4067 1355 4132 cancellarius
1386 4061 1505 4151 (M)
1549 4068 1690 4133 vice
1719 4018 2144 4168 Erchenbasdi
2186 4070 2472 4155 episcopi

661 4178 725 4239 et
768 4174 1308 4241 archicancellarii
1351 4176 1712 4259 recognovi.

414 4416 457 4482 ι)
492 4415 637 4470 Mon.
663 4415 727 4470 B.
754 4416 1187 4487 destrigendum.
1329 4419 1373 4487 ²)
1410 4418 1508 4476 sic.
1538 4419 1575 4474 l.
1601 4418 1847 4475 defensa.
