3209 5434
1768 539 1894 605 156

707 791 834 865 99.
915 788 1443 865 Karlomannus
1507 812 1641 865 rex
1704 788 1749 864 J
1754 789 1893 865 obo
1956 785 2452 889 presbytero,'
2488 784 2665 861 duas
2720 782 2945 861 hobas

917 912 993 988 in
1049 915 1222 989 villa
1259 912 1776 991 Samutesbach
1830 914 2003 989 sitas
2059 913 2299 1005 donat,
2356 935 2539 1011 quae
2579 915 2753 1011 post
2792 912 2944 1006 ejus

915 1044 1223 1115 mortem
1277 1040 1356 1113 in
1410 1038 1931 1139 proprietatem
1986 1038 2058 1115 S.
2098 1036 2607 1137 Emmerammi
2661 1033 2940 1111 cedant.

919 1168 1098 1256 878,
1153 1163 1331 1239 Dec.
1380 1167 1447 1239 3.
1530 1161 1984 1239 Rantesdorf.

881 1340 950 1407 O.
1025 1341 1099 1407 In
1146 1342 1400 1406 nomine
1445 1345 1761 1422 sanctem
1790 1338 2155 1404 individuae
2184 1338 2497 1403 trinitatis
2568 1336 2941 1401 Karloman-

701 1466 821 1513 nus
869 1447 1086 1513 divina
1129 1448 1382 1514 favente
1415 1448 1635 1531 gratia
1677 1468 1809 1512 rex.
1882 1446 1953 1512 Si
1997 1466 2114 1530 pro
2146 1445 2269 1510 Dei
2314 1451 2466 1509 nutu
2510 1445 2615 1522 vel
2642 1463 2760 1528 pro
2790 1464 2940 1508 mer·

601 1566 610 1572 ’
701 1553 858 1621 ce'de
883 1562 1176 1621 aeternae
1198 1555 1625 1621 retributionis
1647 1554 1937 1621 fidelibus
1970 1552 2466 1637 quibuscumque
2493 1552 2731 1617 nostris
2763 1570 2938 1633 quas·

701 1660 850 1726 dam
905 1682 1005 1727 res
1060 1662 1464 1747 proprietatis
1524 1669 1779 1728 nostrae
1836 1661 2143 1725 donamus
2185 1659 2215 1736 ΙΙ
2260 1678 2387 1723 11011
2444 1657 2650 1723 solum
2705 1657 2938 1741 regium

701 1788 939 1833 morem
986 1752 1281 1837 decenter
1326 1770 1691 1853 implemus,
1742 1788 1957 1834 verum
2002 1768 2192 1831 etiam
2238 1772 2299 1831 et
2344 1771 2641 1857 aeternae
2686 1764 2938 1829 beatitu-

701 1873 868 1939 dinis
913 1876 1220 1958 premium
1249 1890 1366 1941 nos
1398 1876 1742 1960 promereri
1774 1874 2011 1958 liquido
2046 1871 2377 1938 credimus.
2448 1870 2699 1937 Idcirco
2729 1878 2939 1936 notum

704 1980 787 2045 sit
832 1982 1116 2047 omnibus
1163 1982 1454 2048 fidelibus
1501 1988 1763 2049 sanctae
1792 1981 1913 2047 Dei
1960 1979 2272 2046 ecclesiae
2315 1978 2674 2068 nostrisque
2706 1978 2939 2043 scilicet

699 2088 1095 2172 presentibus
1127 2078 1204 2155 ‘et
1231 2090 1472 2172 futuris,
1523 2089 1820 2172 quoniam
1852 2087 2109 2171 quidam
2138 2086 2345 2152 fidelis
2379 2092 2444 2178 et
2469 2084 2741 2151 dilectus
2771 2104 2939 2169 pres-

700 2194 861 2259 biter
914 2202 1130 2261 noster
1175 2196 1426 2262 nomine
1471 2196 1592 2262 Job
1640 2197 1885 2261 culmen
1934 2194 2289 2260 serenitatis
2334 2198 2590 2258 nostrae
2638 2192 2796 2257 adiit
2839 2191 2940 2257 de-

699 2320 999 2385 precans,
1053 2308 1123 2367 ut
1167 2302 1226 2367 ei
1273 2302 1583 2386 quasdam
1629 2322 1732 2367 res
1779 2300 2183 2386 proprietatis
2232 2294 2531 2385 [nostrae]
2548 2294 2596 2382 ¹)
2640 2300 2706 2364 in
2754 2318 2937 2383 page,

701 2407 807 2491 qui
845 2406 1072 2472 dicitur
1100 2409 1480 2492 Tonagewe‚
1532 2410 1596 2474 in
1629 2408 1923 2475 comitatu
1955 2406 2369 2491 Engildeonis
2399 2406 2465 2470 in
2494 2406 2941 2490 proprietatem

700 2514 1096 2580 donaremus
1178 2516 1312 2581 Nos
1369 2536 1522 2581 vero
1568 2515 1982 2581 libentissime
2026 2514 2430 2599 petitionibus
2476 2514 2645 2579 illius
2692 2514 2941 2580 satisfa-

700 2622 936 2689 cientes
983 2626 1240 2706 propter
1285 2622 1542 2687 nimiam
1590 2622 1951 2688 servitutem
1996 2622 2163 2687 illius
2210 2621 2277 2685 in
2306 2640 2423 2685 nos
2456 2620 2801 2685 exhibitam
2829 2641 2942 2706 per

699 2726 821 2794 hoc
859 2747 1121 2811 presens
1167 2734 1530 2811 preceptum
1577 2736 1861 2794 nostrum
1905 2730 1971 2793 in
2017 2726 2341 2813 praedicto
2376 2746 2547 2811 pago
2580 2728 2740 2792 etin
2770 2727 2938 2809 villa,

701 2853 862 2918 quae
899 2840 1158 2899 vocatur
1189 2834 1662 2918 Samutesbach‚
1712 2835 2083 2901 donavimus
2132 2836 2190 2899 61
2236 2833 2394 2899 duas
2441 2834 2643 2899 hobas
2689 2834 2757 2899 in
2799 2855 2941 2918 pro-

699 2940 1025 3025 prietatem
1082 2961 1221 3006 cum
1282 2947 1422 3007 octo
1477 2942 1842 3026 mancipiiS,
1901 2960 2045 3023 cum
2098 2942 2281 3007 terris
2328 2941 2511 3006 cultis
2560 2948 2625 3005 et
2666 2942 2937 3023 incultiS,

699 3046 898 3130 agriS,
957 3048 1184 3131 pratiS‚
1245 3050 1500 3132 pascuis
1515 3100 1532 3133 ,
1584 3049 1761 3113 silvis
1776 3097 1793 3132 ‚
1844 3050 2025 3133 aquis
2074 3068 2502 3131 aquarumque
2547 3046 2935 3113 decursibus

699 3152 929 3221 Omnia
971 3154 1132 3219 haec
1174 3155 1499 3239 praedicto
1545 3156 1710 3222 Jobo
1758 3156 1987 3222 dilecto
2032 3155 2379 3241 presbitero
2426 3160 2642 3219 nostro
2688 3154 2756 3218 in
2799 3174 2939 3237 pro-

698 3260 1027 3345 prietatem
1073 3260 1378 3346 dedimuS,
1428 3269 1617 3345 atque
1663 3261 1743 3327 de
1787 3267 2001 3327 nostro
2038 3262 2182 3347 jure
2227 3262 2291 3326 in
2328 3260 2437 3344 jus
2477 3267 2541 3325 et
2570 3260 2938 3326 dominatio-

697 3387 842 3431 nem
889 3366 1024 3456 ejus
1070 3355 1594 3453 transfundimus3
1645 3390 1723 3434 ea
1767 3368 2063 3435 videlicet
2106 3370 2365 3451 ratione,
2413 3375 2482 3432 ut
2522 3367 2601 3431 ab
2632 3367 2939 3433 hodierna

699 3472 802 3537 die
849 3478 912 3538 et
957 3472 1258 3558 deinceps
1290 3474 1455 3540 hanc
1486 3476 1693 3561 ipsam
1723 3476 2171 3560 proprietatem
2202 3476 2489 3540 omnibus
2521 3474 2745 3540 diebus
2774 3475 2936 3540 vitae

699 3598 854 3645 suae
899 3580 1146 3664 habeat,
1195 3586 1408 3646 teneat
1451 3589 1638 3666 atque
1668 3582 2023 3667 possideat„
2082 3584 2238 3647 Post
2266 3582 2499 3647 obitum
2533 3588 2743 3647 autem
2771 3582 2935 3646 illius

688 3685 1000 3771 'jubemuS‚
1050 3692 1118 3752 ut
1162 3707 1264 3752 res
1310 3687 1674 3772 praedictae
1718 3667 1999 3754 redeant*
2026 3689 2091 3753 in
2118 3694 2514 3773 potestatem
2560 3690 2765 3753 sancti
2794 3689 2934 3754 Em·

697 3794 1021 3858 merammi
1075 3794 1372 3878 martyris
1417 3787 1668 3860 Christi.
1684 3794 1713 3808 '⁴
1738 3796 1821 3860 Et
1874 3801 1943 3859 ut
1993 3796 2154 3860 haec
2200 3796 2539 3861 auctoritas
2584 3795 2935 3879 largitionis

697 3905 954 3966 nostrae
1011 3900 1089 3964 ab
1146 3900 1456 3965 universis
1502 3901 1793 3968 fidelibus
1838 3902 2076 3967 firmior
2121 3901 2424 3967 habeatur
2470 3907 2531 3967 et
2574 3922 2687 3986 per
2732 3902 2937 3967 futura

695 4013 980 4091 tempora
1049 4006 1260 4071 verius
1328 4006 1619 4073 credatur
1683 4029 1763 4074 ac
1825 4008 2189 4092 diligentius
2247 4013 2678 4091 conservetur,
2748 4028 2937 4074 manu

696 4114 954 4199 propria
997 4120 1216 4178 nostra
1261 4114 1472 4180 subter
1517 4136 1658 4180 eam
1704 4116 2225 4183 confirmavimus
2258 4122 2320 4181 et
2364 4116 2552 4181 anulo
2597 4122 2814 4182 nostro
2860 4117 2937 4182 si-

697 4220 920 4304 gillare
953 4220 1280 4305 jussimus.
2024 4248 2027 4251 ·

874 4446 917 4510 ¹)
954 4442 1112 4499 deest
1142 4445 1200 4497 in
1237 4450 1351 4498 aut.
