3209 5434
1776 540 1902 605 106

714 697 871 782 gildi
925 705 1256 781 vocantur,
1315 699 1381 763 in
1438 698 1707 763 comitiis
1765 697 2220 780 habitantibus,
2291 702 2584 761 statutam
2632 694 2966 781 justiciam

714 806 995 890 recipere
1054 805 1300 871 debent.
1395 806 1716 890 Imperiali
1775 825 2025 889 quoque
2080 809 2380 889 precepto
2435 802 2822 886 inhibemus,
2887 822 2967 869 ne

714 913 942 995 aliquis
987 910 1053 977 in
1097 913 1341 997 prefato
1388 914 1760 997 episcopatu
1807 919 1869 978 et
1917 912 2147 977 ducatu
2178 912 2279 975 vel
2323 910 2390 973 in
2437 910 2704 975 comitiis
2753 910 2820 974 in
2872 910 2963 975 eis

714 1018 851 1083 sitis
898 1018 1144 1103 aliquas
1190 1021 1504 1085 centurias
1559 1019 1754 1085 faciat
1795 1021 1898 1085 vel
1958 1018 2356 1101 centgravios
2403 1016 2800 1099 constituat,
2836 1016 2965 1081 nisi

715 1126 1126 1191 concessione
1169 1127 1453 1212 episcopi
1485 1126 1664 1191 ducis
1695 1125 2260 1209 wirzeburgensis.
2331 1124 2645 1207 Preterea,
2695 1124 2854 1207 quia
2884 1121 2965 1187 de

715 1238 925 1297 castro
968 1233 1317 1317 Bramberg
1361 1234 1540 1316 quies
1585 1233 1766 1317 pacis
1812 1233 2003 1297 totius
2060 1230 2425 1319 provinciae
2471 1250 2624 1315 sepe
2667 1230 2963 1295 turbaba-

713 1344 813 1403 tur
859 1345 919 1403 et
964 1340 1295 1405 multorum
1339 1342 1648 1406 malorum
1679 1342 2051 1407 occasiones
2085 1345 2306 1405 contra
2335 1338 2684 1423 praefatam
2717 1338 2962 1402 aeccle-

714 1446 874 1512 siam
930 1452 1185 1516 exortae
1242 1454 1415 1531 sunt,
1488 1468 1606 1532 pro
1675 1468 1836 1532 pace
1905 1446 2254 1512 aecclesiae
2323 1451 2386 1510 et
2451 1446 2654 1509 salute
2708 1444 2962 1509 animae

712 1560 967 1619 nostrae
1010 1555 1220 1638 ipsum
1266 1561 1540 1621 castrum
1586 1553 1824 1619 destrui
1869 1554 2134 1620 fecimus
2179 1558 2243 1617 et
2284 1557 2560 1617 montem
2606 1550 2962 1615 aecclesiae

712 1661 1221 1745 wirzeburgensi
1265 1661 1411 1745 jure
1466 1662 1872 1746 proprietatis
1940 1658 2344 1741 tradidimus,
2408 1678 2491 1724 ne
2558 1657 2640 1722 de
2706 1662 2959 1722 caetero

714 1773 990 1832 castrum
1034 1769 1135 1833 vel
1182 1768 1396 1852 aliqua
1438 1769 1708 1834 munitio⁸
1758 1768 1823 1833 in
1886 1767 2110 1833 eodem
2155 1772 2366 1831 monte
2407 1766 2520 1830 fiat
2561 1764 2820 1829 firmiter
2869 1763 2960 1827 in-

713 1873 1019 1939 hibentes.
1098 1874 1290 1939 Aliud
1338 1895 1586 1958 quoque
1642 1881 1917 1940 castrum
1961 1873 2419 1957 Frankenberg
2464 1872 2724 1953 dictum,
2787 1869 2960 1953 quod

714 1980 1033 2067 adjacenti
1079 1981 1371 2047 abbatiae
1400 1982 1758 2047 Amerbach
1805 1980 2293 2046 destructionem
2337 1980 2690 2044 minabatur
2736 1984 2800 2043 ct
2844 1998 2962 2061 per

656 2070 660 2075 ¹
716 2088 1181 2173 subreptionem
1225 2088 1618 2153 inimicorum
1665 2089 2016 2154 aecclesiae
2047 2086 2556 2170 wirzeburgensi
2586 2090 2838 2171 poterat
2867 2086 2960 2149 in·

711 2196 875 2261 ferre
919 2195 1291 2280 periculum,
1355 2196 1645 2260 similiter
1690 2194 2112 2260 destruximus
2161 2200 2223 2259 et
2266 2200 2544 2259 montem
2587 2193 2760 2257 nullo
2803 2197 2959 2257 tem·

712 2322 868 2387 pore
922 2300 1414 2367 reedificandum
1470 2302 1821 2367 aecclesiae
1877 2301 2378 2384 recognovimus.
2461 2300 2557 2366 Sit
2599 2301 2790 2383 igitur
2832 2298 2959 2364 hac

711 2415 930 2475 nostra
973 2407 1366 2493 pragmatica
1411 2409 1737 2474 sanctione
1768 2407 2270 2493 supradictorum
2314 2408 2591 2473 omnium
2621 2406 2792 2471 omni
2835 2425 2959 2471 evo

712 2516 957 2583 stabilis
1004 2521 1067 2581 et
1108 2515 1290 2580 firma
1335 2516 1726 2600 constitutio,
1786 2522 1848 2580 et
1901 2535 2086 2581 nemo
2146 2515 2273 2580 ullo
2331 2534 2627 2597 umquam
2670 2520 2960 2597 tempore

712 2644 853 2690 eam
898 2624 1239 2706 infringere
1282 2623 1386 2687 vel
1434 2642 1690 2688 cassare
1733 2629 2075 2706 presumat.
2149 2621 2536 2705 Quicumque
2568 2628 2776 2686 autem
2807 2641 2955 2686 con-

711 2737 811 2795 tra
856 2750 997 2795 eam
1040 2730 1257 2794 venire
1300 2730 1403 2794 vel
1448 2729 1514 2793 in
1559 2729 1802 2794 irritum
1846 2724 2208 2811 revocare¹)
2241 2729 2708 2813 presumpserit,
2759 2729 2956 2812 impe-

712 2836 985 2901 ratoriae
1027 2836 1379 2920 majestatis
1425 2855 1569 2900 reus
1618 2835 2056 2901 severissimae
2102 2835 2670 2901 animadversionis
2710 2854 2954 2919 paenas

620 2963 627 2970 ·
712 2943 1002 3008 exsolvat
1047 2948 1109 3008 et
1151 2942 1327 3007 mille
1373 2942 1566 3007 libras
1617 2929 1753 3007 auri
1797 2942 2120 3027 purissimi
2153 2947 2506 3026 componat,
2555 2941 2955 3007 medietatem

711 3070 1001 3116 camerae
1022 3055 1277 3114 nostrae
1309 3054 1370 3113 et
1400 3049 1663 3114 alteram
1686 3048 2086 3115 medietatem
2109 3049 2621 3132 Wirzeburgensi
2652 3049 2954 3133 episcopo

710 3164 774 3223 et
818 3158 1183 3223 aecclesiae.
1255 3155 1440 3233 Quod
1495 3162 1563 3220 ut
1616 3156 1826 3221 verius
1886 3155 2177 3221 credatur
2237 3162 2300 3222 et
2355 3156 2434 3221 ab
2481 3156 2768 3221 omnibus
2813 3154 2953 3220 dili·

710 3264 958 3347 gentius
1006 3264 1387 3347 observetur,
1435 3267 1792 3347 presentem
1823 3262 1972 3327 inde
2001 3264 2303 3348 paginam
2335 3262 2648 3328 conscribi
2694 3268 2756 3327 et
2785 3262 2952 3345 signi

710 3370 910 3435 nostri
953 3369 1283 3435 karactere
1330 3370 1564 3434 firmari
1612 3376 1673 3435 et
1703 3362 1896 3453 sigilli
1928 3372 2126 3435 nostri
2158 3370 2571 3455 impressione
2600 3362 2952 3453 insigniri&

710 3475 1136 3561 precepimus,
1195 3475 1497 3542 ⁴adhibitis
1552 3476 1799 3542 idoneis
1855 3478 2148 3560 testibus,
2211 3495 2472 3559 quorum
2531 3477 2788 3541 nomina
2827 3475 2950 3541 hec

712 3588 883 3649 sunt:
946 3582 1295 3647 Cristianus
1340 3583 1791 3666 Magountinae
1837 3583 2010 3649 sedis
2058 3584 2603 3669 archiepiscopuS,
2661 3582 2802 3649 Udo
2847 3582 2948 3647 Oi-

711 3690 918 3755 censis
977 3691 1315 3775 episcopus
1328 3740 1345 3774 ,
1406 3691 1738 3774 Gerungus
1799 3684 2275 3774 Missenensis³)
2329 3692 2695 3775 episcopus,
2762 3690 2944 3772 Hugo

709 3795 1055 3861 Fardensis
1102 3798 1458 3882 episeopus,
1507 3796 1858 3865 Roudolsus
1870 3792 1920 3880 ⁴)
1949 3798 2322 3863 Leodiensis
2359 3797 2715 3883 episcopus,
2763 3796 2944 3861 Albe-

709 3903 877 3968 ricus
934 3902 1286 3969 Laudensis
1357 3905 1694 3989 episcopus
1707 3954 1724 3987 ,
1797 3904 2058 3969 Tercius
2117 3905 2524 3969 Placentinus
2593 3905 2940 3989 episcopus,

707 4004 1207 4094 Ragimundus⁵)
1248 4011 1622 4095 Yporiensis
1634 4004 1685 4091 ⁶)
1732 4012 2100 4095 episcopus,
2149 4006 2569 4094 Burcardus⁷)
2612 4009 2943 4075 Fuldensis

710 4117 937 4199 abbas,
1000 4118 1175 4183 Cono
1188 4110 1238 4201 ⁸)
1293 4117 1774 4183 Ratisbonensis
1832 4118 2198 4202 episcopus,
2259 4117 2680 4184 Hildeboldus
2735 4116 2944 4182 Heris-

889 4274 930 4338 ¹)
968 4270 1139 4327 verba
1178 4272 1298 4343 „vel
1335 4274 1390 4327 in
1426 4273 1638 4328 irritum
1676 4272 1970 4328 revocare“
2009 4271 2211 4328 desunt
2244 4273 2302 4327 in
2337 4274 2404 4329 B.
2512 4274 2558 4341 ²)
2597 4288 2766 4327 aurea
2797 4271 2950 4327 bulla

708 4362 898 4413 nostra
932 4359 1180 4427 insigniri
1215 4361 1282 4416 B.
1423 4362 1468 4427 ⁸)
1507 4361 1838 4430 Geroungus
1873 4360 2216 4416 Missinensis
2250 4361 2316 4417 B.
2461 4362 2506 4430 ⁴)
2541 4360 2843 4417 Ruodolfus
2881 4362 2948 4417 B.

710 4447 753 4512 ⁵)
788 4446 1129 4502 Reimundus
1166 4448 1231 4501 B.
1322 4449 1365 4513 ο)
1404 4448 1765 4519 Hyporiensis
1801 4450 1865 4504 B.
1955 4452 1998 4518 ⁷)
2036 4449 2394 4506 Buorkardus
2429 4450 2494 4505 B.
2581 4452 2628 4516 ⁸)
2667 4450 2854 4506 Cuono
2880 4450 2947 4503 B.
