3209 5434
1708 516 1839 585 150

646 678 732 747 ad
779 672 968 764 [ipsa]
987 674 1035 763 ¹)
1079 679 1596 765 pertenentebus‚
1658 683 1727 743 ut
1770 675 2009 744 dictum
2056 682 2183 759 est,
2244 675 2333 741 ad
2374 682 2553 760 parte
2598 695 2718 740 sua
2760 695 2903 759 per-

645 772 928 891 venissset
981 792 1044 851 et
1100 785 1221 851 hoc
1280 784 1364 851 ad
1419 805 1685 870 presens
1750 785 1907 853 ricto
1977 726 2493 865 orden'eassent')
2551 781 2899 847 domenati.

646 891 833 959 Unde
879 898 940 957 et
983 892 1280 976 pactione
1326 890 1654 957 demorata
1666 885 1716 976 ⁸)
1760 893 1906 957 loca
1950 891 2052 957 vel
2110 890 2191 957 de
2236 890 2515 974 reliquas
2560 908 2663 954 res
2709 906 2902 954 mano

648 997 894 1084 prefato
951 1018 1254 1083 germano
1311 1018 1428 1064 suo
1484 999 1855 1083 Beppoleno
1914 996 2229 1081 suscripta
2270 998 2375 1063 vel
2428 997 2739 1061 bonorum
2800 1012 2902 1058 ro-

646 1094 986 1195 boracion}
1033 1150 1226 1171 .....
1243 1099 1293 1189 ⁴)
1316 1090 1436 1203 cta]
1465 1124 1536 1171 se
1580 1125 1697 1191 pre
1740 1104 2032 1170 manibus
2088 1104 2325 1171 habere
2370 1103 2664 1169 adfirmat
2707 1100 2901 1166 idem·
2928 1116 2959 1151 s

647 1230 772 1295 que
825 1217 887 1277 et
939 1211 1318 1279 vindicionis
1377 1211 1547 1297 quod
1603 1212 1686 1277 ab
1744 1210 2058 1294 aliquibus
2113 1211 2501 1277 homenebus
2557 1210 2625 1275 in
2682 1228 2902 1294 supra-

648 1317 888 1403 scripta
930 1319 1074 1385 loca
1118 1319 1453 1405 porciones
1499 1320 1767 1401 alequas
1816 1318 1993 1385 visus
2026 1325 2124 1384 est
2153 1299 2440 1411 cossim}-
2454 1311 2697 1413 ¹)Jasse,
2744 1336 2903 1400 prae

647 1426 952 1492 manebus
997 1425 1232 1493 habere
1277 1425 1596 1491 adfirmat:
1647 1425 1829 1510 petiit
1873 1424 2195 1510 predictus
2226 1426 2341 1509 vir,
2390 1430 2459 1491 ut
2490 1430 2777 1491 nostram
2818 1442 2903 1488 ex

647 1531 770 1599 hoc
816 1534 989 1599 circa
1032 1534 1239 1618 ipsum
1284 1532 1518 1617 plinius
1560 1524 1819 1617 deberit
1854 1532 2210 1598 confirmari
2254 1532 2640 1617 praeceptio.
2708 1530 2903 1615 Cujus

647 1640 1084 1725 postolacione
1139 1659 1256 1725 pro
1315 1640 1410 1705 rei
1475 1637 1681 1704 tucius
1749 1639 2107 1705 firmitatem
2176 1639 2505 1705 noluemus
2574 1636 2897 1721 denegari,
2930 1649 2965 1681 ¹⁶

646 1746 1054 1867 precipientis
1098 1748 1269 1813 enim
1315 1752 1382 1811 ut
1427 1744 1731 1831 quicquid
1774 1745 1835 1811 ei
1886 1752 2135 1812 constat
2176 1765 2381 1829 aequo
2422 1743 2706 1812 ordene.
2775 1738 2903 1827 ..‘)

647 1826 740 1917 in
773 1851 946 1918 dicta
1000 1854 1144 1919 loca
1196 1854 1300 1919 vel
1356 1853 1635 1935 reliquas
1691 1872 1793 1919 res
1856 1852 1941 1917 ad
1998 1859 2177 1937 parte
2248 1872 2367 1919 sua
2433 1872 2551 1937 per
2613 1852 2904 1936 inspecta

647 1960 942 2044 pactione
987 1980 1025 2027 e
1069 1966 1289 2027 contra
1343 1959 1711 2044 supradicto
1766 1950 2069 2043 germano
2121 1980 2237 2025 suo
2273 1959 2431 2045 justi
2475 1959 2542 2024 in
2590 1957 2902 2025 divisione

648 2065 998 2152 percipisse
1044 2073 1106 2133 et
1149 2065 1320 2150 quod
1364 2086 1479 2151 per
1523 2066 1701 2151 ipsas
1748 2065 2126 2133 vindicionis
2172 2066 2239 2132 in
2282 2065 2531 2151 prefata
2567 2067 2712 2133 loca
2754 2084 2899 2150 pos·

650 2172 862 2240 sedire
906 2173 1297 2257 dinuscetur,
1357 2179 1426 2237 ut
1472 2171 1558 2238 ad
1601 2193 1867 2259 presens
1926 2173 2083 2239 ricto
2132 2180 2392 2239 tramete
2436 2174 2768 2258 possedire
2808 2170 2933 2238 vi-
2919 2182 2967 2222 ’ἴ

651 2279 849 2364 detur,
898 2288 1180 2349 nostram
1225 2280 1292 2345 in
1337 2281 1461 2347 Dei
1509 2280 1763 2346 nomine
1808 2280 2187 2402 generaliter
2218 2286 2665 2348 auctoretatem
2693 2280 2899 2345 firma-

649 2393 778 2469 tur,
841 2393 906 2453 et
949 2387 1074 2471 ipsi
1118 2386 1241 2451 hoc
1295 2392 1507 2452 teneat
1569 2380 1708 2472 [seu
1752 2355 2135 2481 possddaff)
2192 2393 2255 2452 et
2314 2387 2569 2470 suisque
2626 2386 2899 2471 posteris

649 2493 1098 2581 perpetualiter
1143 2491 1226 2557 ad
1270 2492 1831 2589 possededendum
1875 2494 2206 2577 relinquat.
2277 2494 2361 2559 Et
2388 2500 2457 2559 ut
2485 2494 2645 2559 haec
2689 2499 2899 2559 aucto-

649 2606 820 2668 retas
876 2599 1196 2686 pcrpetuis
1255 2601 1657 2685 temporebus
1712 2599 1895 2665 firma
1954 2600 2325 2667 stabeletate
2382 2600 2607 2667 debeat
2673 2599 2899 2686 perdu-

649 2727 794 2774 rare
806 2755 825 2790 ,
879 2726 1108 2773 manus
1165 2712 1379 2773 nostre
1435 2706 1986 2793 suscripcionebus
2042 2706 2256 2773 subter
2310 2728 2451 2773 eam
2507 2707 2899 2775 decrevimus
2933 2727 2979 2765 to

648 2802 966 2923 mborarss·
1218 2911 1294 2968 -Ι-
1346 2901 1829 2987 Burgundofaro
1876 2903 2117 2987 optolit.
2173 2882 2654 2987 Dagobercbtus
2698 2924 2808 3015 rex

1828 3009 2194 3095 subscripsi.
2230 3008 2257 3037 ‘'

745 3183 813 3231 Ex
855 3184 987 3231 icone
1031 3182 1153 3242 apud
1183 3181 1426 3240 mabillon,
1473 3182 1709 3244 supplem.
1739 3183 1798 3230 ds
1839 3199 1888 3231 rs
1930 3184 2042 3244 dipl.
2074 3186 2167 3233 tab.
2189 3185 2246 3242 11,
2276 3200 2324 3245 p.
2346 3186 2421 3233 70.
2468 3184 2627 3232 Edidit
2655 3185 2776 3233 idem
2803 3184 2835 3233 1.
2858 3199 2900 3233 e.

837 3276 886 3323 p.
906 3263 970 3310 94
1001 3264 1049 3309 et
1070 3262 1234 3309 Annsl.
1251 3263 1349 3310 ord.
1366 3262 1413 3310 S.
1429 3262 1637 3310 Bened.1
1672 3264 1867 3325 append.
1892 3264 1949 3322 11,
1980 3279 2026 3326 p.
2045 3266 2152 3313 685.
2198 3265 2749 3327 Brcquigny-Pardessns
2771 3264 2823 3335 ll,
2852 3266 2884 3312 2

857 3326 1083 3396 {imm
1114 3350 1220 3419 Ν.
1283 3344 1484 3429 swa-f-
1502 3340 1642 3453 sc?

832 3496 876 3563 ι)
915 3496 1155 3566 spatium
1194 3497 1252 3552 in
1287 3498 1464 3553 icone.
1577 3498 1627 3565 ⁸)
1665 3499 1747 3554 sic
1782 3500 1840 3555 in
1875 3500 2052 3556 icone.
2090 3500 2235 3556 Mab.
2262 3500 2662 3557 ordineassent.
2700 3502 2897 3570 Brequ.

654 3582 860 3641 ordene
897 3590 1101 3640 essent.
1207 3587 1253 3652 ⁸)
1293 3586 1580 3642 demorata
1617 3587 1673 3642 in
1709 3588 1885 3643 icone.
1940 3589 2265 3659 Legendum
2317 3589 2535 3645 videtur
2580 3590 2652 3646 de
2700 3605 2897 3646 memo·

654 3678 791 3728 rata.
827 3674 1071 3743 pleniore
1105 3675 1230 3730 loca
1255 3675 1402 3745 quod
1429 3675 1687 3731 Mabillon
1712 3662 1992 3747 et'Brequ.
2020 3679 2211 3748 legunt
2234 3679 2289 3733 in
2312 3679 2471 3734 icone
2504 3694 2615 3735 non
2654 3678 2899 3735 habetur.

653 3762 700 3828 ⁴)
758 3762 996 3831 spatium
1050 3762 1106 3818 in
1162 3763 1318 3818 icone
1374 3765 1583 3834 aliquot
1642 3764 1996 3835 syllabarum.
2068 3768 2308 3823 Litteras
2364 3767 2539 3837 „cta“
2599 3783 2739 3838 quas
2788 3767 2899 3823 Ma·

655 3849 825 3905 billon
873 3848 1040 3905 habet
1087 3852 1144 3906 in
1188 3851 1347 3907 icone
1393 3867 1504 3909 non
1550 3854 1817 3910 invenies.
1961 3857 2006 3922 ⁶)
2052 3856 2292 3925 spatium
2338 3856 2547 3925 aliquot
2582 3857 2898 3911 litterarum.

654 3941 699 4005 ⁸)
735 3940 967 3995 lineolae
1014 3954 1158 4011 quae
1202 3954 1396 3997 vocem
1436 3941 1596 4011 „dat“
1638 3942 1978 4012 praecedunt
2011 3943 2069 3999 in
2103 3944 2263 4001 icone
2307 3950 2367 3999 et
2404 3943 2506 4015 „n“
2545 3951 2605 4000 et
2642 3944 2754 4016 „si“
2792 3944 2902 4015 legi

653 4032 905 4099 possunt.
