3209 5434
2518 22 2525 25 ’
2604 20 3119 98 ’Ἲᾞ’“-

2728 57 2741 70 Ι
2774 71 2783 80 ι
2926 63 2937 72 Ι

2812 97 2847 128 -Q
2908 119 2918 130 ι

1795 538 1882 605 92

1034 698 1301 783 Signum
1347 696 1563 763 domni
1610 697 1858 764 Ottonis
1906 692 2026 781 (M)
2071 696 2368 763 Caesaris
2413 696 2682 781 augusti.
2730 692 2833 780 (L.-
2867 691 2966 780 S.)

1033 804 1419 870 Heriberdus
1480 804 1896 869 cancellarius
1957 805 2098 870 vice
2142 804 2440 888 willigisi
2495 804 2966 889 archiepiscopi

1136 882 1538 1027 recognovi}3

714 1037 883 1100 Data
926 1036 1114 1101 XVII
1159 1034 1472 1100 kalendas
1520 1034 1839 1120 OctobriS,
1891 1056 2058 1101 anno
2103 1035 2556 1101 incarnationis
2603 1034 2963 1099 dominicae

712 1141 1207 1226 DCCCCXCVI,
1256 1142 1601 1207 indictione
1632 1143 1841 1226 VIIII,
1876 1164 2044 1209 anno
2077 1144 2253 1227 regni
2283 1142 2461 1207 tercii
2491 1142 2740 1209 Ottonis
2771 1142 2957 1225 XIII,

713 1247 958 1333 imperii
1004 1270 1151 1315 vero
1200 1250 1247 1315 Ι.
1321 1250 1547 1315 Actum
1592 1249 2028 1334 Ingilenheim.
2101 1250 2395 1316 Feliciter
2439 1269 2641 1314 amen.

806 1396 872 1444 Ex
912 1398 1189 1458 autographo
1230 1400 1279 1447 in
1321 1399 1544 1446 tabulario
1585 1398 1848 1445 Monacensi
1889 1400 2137 1445 asservato.
2199 1398 2350 1457 sigilli
2385 1397 2518 1444 valde
2561 1397 2676 1444 laesi
2713 1398 2959 1457 inscriptio

897 1478 987 1536 legi
1033 1479 1205 1539 nequit.
1269 1479 1389 1527 Edit.
1422 1479 1545 1526 Mon.
1576 1479 1719 1525 Boica
1763 1478 1986 1535 xxvnv,
2035 1480 2142 1527 267.
2197 1502 2245 1509 —
2299 1478 2520 1534 Bohmer,
2561 1476 2674 1536 Reg.
2703 1476 2815 1537 imp.
2845 1478 2960 1525 782.

898 1557 1081 1619 Stumpf
1104 1558 1191 1606 No.
1214 1560 1352 1606 1093.

717 1805 841 1877 66.
924 1800 1313 1877 Heinricus
1342 1760 1423 1875 II.
1452 1825 1583 1885 rex
1615 1801 1969 1877 ecclesiae
1997 1798 2588 1895 Wirceburgensi
2613 1798 2954 1874 immuni-

922 1931 1143 2001 tatem
1172 1926 1566 2004 confirmat.
1634 1932 1860 2019 1012,
1901 1926 2098 2026 Sept.
2139 1932 2260 2001 10.
2313 1924 2950 2001 Franchonevord.

890 2086 957 2152 O.
1031 2088 1105 2151 In
1136 2088 1389 2165 nomine
1421 2093 1681 2152 sanctae
1727 2092 1789 2153 et
1833 2084 2200 2152 individuae
2228 2085 2540 2151 trinitatis.
2613 2085 2953 2151 Heinricus

708 2192 928 2259 divina
974 2194 1303 2260 ordinante
1346 2193 1746 2277 providentia
1787 2214 1918 2259 rex.
1992 2193 2062 2259 Si
2102 2192 2508 2278 petitionibus
2549 2191 2952 2257 sacerdotum

709 2300 833 2365 Dei
880 2299 960 2365 de
1005 2300 1137 2384 his,
1194 2321 1357 2384 quae
1402 2300 1485 2366 ad
1529 2301 1676 2365 loca
1720 2306 2080 2366 sanctorum
2115 2300 2289 2385 juste
2334 2300 2665 2384 pertinent,
2714 2300 2950 2365 nostris

710 2407 965 2473 auribus
1008 2408 1037 2483 Η
1078 2408 1340 2492 prolatis
1390 2407 1876 2491 adquiescimus,
1925 2409 2166 2491 regiam
2211 2406 2728 2497 consuetudinem
2772 2427 2949 2472 excr-

710 2532 923 2580 cemus
982 2520 1043 2579 et
1099 2514 1220 2580 hoc
1277 2514 1459 2579 nobis
1520 2514 1605 2581 ad
1651 2516 1904 2582 laudem
1960 2521 2022 2581 et
2077 2514 2478 2579 stabilitatem
2525 2514 2706 2597 regni
2749 2514 2949 2579 nostri

708 2621 775 2687 in
820 2622 943 2687 Dei
990 2623 1242 2687 nomine
1285 2623 1601 2706 pertinere
1647 2623 2036 2689 confidimus
2101 2622 2430 2701 ‚Quocirca
2475 2622 2752 2686 omnium
2794 2620 2946 2687 fide-

708 2729 861 2803 lium
905 2735 1259 2794 nostrorum
1306 2731 1735 2813 praesentium
1795 2731 2040 2797 scilicet
2093 2749 2169 2795 ac
2212 2728 2557 2793 futurorum
2601 2728 2946 2793 industriae

708 2840 939 2919 pateat,
992 2835 1161 2919 quod
1203 2856 1322 2901 nos
1368 2837 1702 2903 Heinricus
1750 2844 2010 2903 sanctae
2040 2835 2585 2919 wirceburgensis
2633 2835 2944 2901 aeclesiae

706 2926 1087 3008 venerabilis
1157 2943 1495 3028 episcopus
1563 2944 1878 3010 humiliter
1946 2945 2168 3011 adiens
2226 2941 2638 3009 claemeiltiae
2692 2948 2943 3008 nostrae

708 3049 1154 3115 dominationis
1210 3050 1504 3136 innotuit,
1579 3051 1750 3135 quod
1804 3052 2332 3136 praedecessores
2387 3050 2586 3115 nostri
2642 3070 2824 3133 reges
2879 3054 2944 3115 et

707 3157 1117 3242 imperatores
1175 3158 1361 3224 divae
1415 3160 1754 3224 memoriae
1811 3160 2118 3241 KaroluS,
2177 3156 2588 3239 Ludowicus,
2641 3155 2939 3221 Arnolsus

705 3272 959 3347 tresque
1019 3265 1279 3331 Ottones
1342 3286 1559 3331 omnes
1623 3272 1857 3349 curteS,
1926 3266 2143 3348 villaS,
2215 3270 2444 3347 terras,
2499 3269 2940 3346 terrarumque

709 3372 979 3437 cultores
1037 3391 1149 3435 seu
1202 3358 1498 3455 quicquid
1555 3373 1622 3437 in
1685 3373 1924 3439 cunctis
1977 3373 2164 3438 rebus
2223 3371 2306 3436 ad
2354 3370 2692 3436 aeclesiam
2738 3370 2938 3435 sancti

708 3478 1062 3561 salvatoris,
1108 3478 1173 3542 in
1219 3497 1346 3560 qua
1388 3480 1758 3563 praeciosus
1790 3479 2021 3545 Christi
2066 3485 2304 3563 martyr
2333 3478 2627 3543 Kilianus
2662 3477 2937 3558 sociique

708 3582 842 3671 ejus
890 3585 1299 3673 corporaliter
1341 3587 1770 3671 requiescunt,
1820 3588 2133 3671 pertinere
2179 3586 2555 3668 dinoscitur,
2615 3604 2726 3651 seu
2771 3580 2935 3666 quod

707 3694 963 3758 inantea
1009 3692 1093 3756 ad
1140 3713 1217 3758 ea
1264 3700 1485 3758 sancta
1523 3693 1668 3759 loca
1712 3694 1989 3777 legitime
2033 3694 2330 3759 traditum
2376 3693 2614 3775 fuisset,
2663 3711 2776 3776 per
2803 3690 2934 3754 uni-

706 3819 925 3865 versos
963 3800 1310 3882 comitatus,
1360 3820 1563 3884 pagos
1613 3821 1688 3866 ac
1733 3801 2044 3867 territoria
2087 3802 2203 3866 sub
2235 3801 2520 3883 integrae
2555 3797 2933 3864 defensionis

704 3905 1093 3971 immunitate
1147 3926 1517 3990 permanere
1572 3906 1850 4007 suaeque}
1903 3908 2182 3973 tuitionis
2245 3908 2449 3992 clipeo
2509 3906 2737 3972 muniri
2791 3925 2933 3970 con-

706 4014 1073 4095 cessissent,
1134 4012 1254 4079 hoc
1311 4013 1527 4096 etiam,
1589 4014 1758 4097 quod
1813 4015 1880 4079 in
1937 4015 2178 4080 eisdem
2232 4015 2588 4099 praeceptis
2634 4013 2935 4079 veraciter

705 4121 1005 4205 scriptum
1052 4121 1429 4205 continetur,
1491 4122 1724 4187 nostris
1771 4122 2210 4207 conspectibus
2257 4128 2700 4205 praesentans,
2756 4140 2934 4205 prae-

706 4226 908 4293 dictos
955 4249 1139 4311 reges
1188 4248 1301 4294 seu
1344 4229 1757 4314 imperatores
1804 4250 1918 4313 per
1966 4249 2120 4295 suae
2157 4229 2543 4295 auctoritatis
2573 4228 2935 4313 praedictae

707 4333 1019 4400 aeclesiae
1099 4340 1441 4419 praecepta
1518 4337 1914 4402 concessisse
1989 4342 2051 4402 et
2126 4336 2561 4421 confirmasse,
2645 4336 2935 4420 quatinus

707 4439 915 4504 nullus
951 4440 1151 4523 judex
1181 4439 1469 4524 publicus
1503 4462 1738 4525 servos,
1790 4443 2072 4527 Sclavos,
2123 4444 2258 4509 sive
2289 4444 2543 4509 accolas
2579 4464 2695 4528 pro
2723 4441 2938 4509 liberis
