3209 5434
1355 493 1442 558 53

275 651 394 733 hec
438 658 651 736 nostre
695 650 1052 718 traditionis
1111 653 1452 718 auctoritas
1511 651 1757 718 stabilis
1818 657 1880 716 et
1930 651 2307 719 inconvulsa
2352 654 2521 720 omni

277 777 393 840 evo
449 764 846 843 permaneat,
887 759 1071 826 ‘hanc
1097 742 1400 836 ‚chartam
1454 758 1605 824 inde
1664 759 2089 844 conscriptam
2143 781 2334 827 manu
2376 782 2520 846 pro-

274 865 418 951 pria
460 870 529 930 ut
571 865 738 931 infra
780 867 1030 935 videtur
1076 867 1552 932 corroborantes
1600 866 1794 949 sigilli
1852 865 2050 932 nostri
2104 867 2520 952 impressione

265 970 574 1057 jussimus
618 973 930 1058 insigniri.

597 1079 862 1165 Signum
908 1080 1123 1146 domni
1167 1079 1450 1146 Heinrici
1494 1075 1615 1164 (M)
1664 1079 1870 1165 quarti
1915 1079 2104 1164 regis,

597 1187 1008 1254 Grebehardus
1065 1187 1480 1264 cancellarius
1536 1187 1602 1251 in
1656 1187 1796 1252 vice
1840 1185 2139 1270 Sigefridi
2194 1185 2518 1253 archican-

701 1295 941 1360 cellarii
987 1295 1345 1377 recognovi.
1418 1289 1510 1378 (S.
1547 1288 1653 1378 R.)
1720 1289 1819 1378 (L.
1847 1287 1943 1376 S.)

273 1399 444 1466 Data
499 1400 643 1466 idus
689 1401 960 1485 Augusti
1017 1421 1183 1466 anno
1229 1399 1542 1481 dominice
1599 1399 2055 1465 incarnationis
2112 1399 2513 1484 MLXXIHI,

273 1505 614 1572 indictione
644 1508 784 1591 XV,
827 1527 994 1574 anno
1036 1507 1252 1573 domni
1281 1491 1564 1574 Heinrici
1606 1507 1777 1591 regis
1822 1506 2235 1573 ordinationis
2265 1507 2512 1590 XXIII,

273 1615 456 1709 regni
497 1615 711 1681 XXII.
755 1615 1011 1681 -Actum
1055 1615 1393 1699 Moguntie.
1464 1615 1540 1680 In
1585 1615 1841 1680 nomine
1887 1614 2167 1703 Domini*
2190 1634 2392 1679 amen.

365 1743 434 1794 Ex
474 1745 754 1805 autographo
801 1747 850 1792 in
889 1747 1114 1794 tabulario
1157 1747 1471 1794 Garlsmhensi
1517 1748 1767 1793 asservato.
1816 1769 1863 1778 ——
1910 1745 2071 1792 Edidit
2111 1745 2370 1806 Schopflin,
2415 1745 2515 1793 Ala.

460 1825 695 1901 diplomat.
718 1825 755 1883 Ι,
777 1826 885 1874 175.
922 1849 970 1858 -
1009 1826 1223 1884 Bohmer,
1252 1825 1364 1884 Reg.
1385 1826 1494 1886 imp.
1518 1827 1657 1874 1880.
1705 1825 1891 1886 Stumpf
1919 1826 2057 1873 2805.

279 2054 402 2126 38.
445 2055 448 2057 *
488 2049 878 2126 Heinricus
915 2049 1032 2126 IV.
1076 2050 1430 2127 ecclesiae
1471 2049 1820 2149 Spirensi,
1880 2050 2229 2149 episcopo
2265 2048 2511 2125 Huoz-

482 2197 772 2268 mfflffl‘),
809 2174 1188 2274 Praedium
1209 2175 1495 2268 Lutera,
1536 2174 1734 2274 quod
1768 2175 2008 2273 neptis
2046 2178 2202 2272 ejus
2228 2173 2509 2250 Mahtil-
2522 2197 2627 2282 mss
2864 2199 2899 2215 -,

488 2298 623 2375 dae
658 2300 944 2376 italicae
981 2300 1232 2393 fuerat,
1273 2299 1512 2375 donat.
1581 2305 1808 2392 1086,
1847 2297 2009 2375 Jan.
2051 2305 2171 2375 11.
2229 2299 2506 2400 Spirae.

450 2459 519 2526 O.
567 2461 645 2524 In
675 2461 929 2526 nomine
962 2458 1222 2526 sanctae
1253 2465 1317 2525 et
1343 2459 1668 2542 individue
1697 2459 2009 2525 trinitatis.
2052 2459 2387 2526 Heinricus
2419 2459 2511 2526 di-

270 2567 421 2632 vina
441 2566 693 2633 favente
717 2568 1051 2634 clementia
1070 2567 1302 2632 tercius
1325 2567 1750 2632 Romanorum
1773 2567 2115 2652 imperator
2135 2574 2457 2651 augustus.
2486 2565 2507 2652 Ι]

273 2673 580 2740 Omnibus
638 2675 762 2740 Dei
819 2674 1145 2756 nostrique
1202 2673 1494 2739 fidelibus
1549 2679 1677 2738 tam
1732 2673 1954 2738 futuris
2012 2694 2200 2756 quam
2255 2693 2510 2758 presen-

267 2781 435 2846 tibus
480 2788 696 2847 notum
743 2801 885 2847 esse
944 2783 1233 2846 volumus
1247 2831 1264 2864 ,
1328 2782 1596 2864 qualiter
1648 2801 1767 2846 nos
1819 2797 1934 2865 pro
1979 2781 2259 2847 remedio
2304 2780 2511 2862 anime

269 2892 485 2954 nostre
530 2908 608 2953 ac
651 2908 767 2972 pro
814 2888 1118 2954 memoria
1159 2894 1490 2972 parentum
1534 2893 1917 2971 nostrorum,
1965 2888 2165 2973 patris
2205 2887 2505 2971 Heinrici,

269 2995 376 3060 avi
423 2986 702 3060 Clinradi
748 3001 810 3060 et
857 2997 996 3077 avie
1028 2995 1223 3077 Gisle,
1271 3015 1387 3079 per
1415 2995 1835 3059 interventum
1877 2994 2084 3060 fidelis
2118 2995 2315 3059 nostri
2343 2987 2509 3059 Hfiz-

267 3101 490 3167 manni
547 3101 866 3188 Spirensis
928 3101 1242 3186 episcopi,
1309 3107 1526 3181 sancte
1582 3100 1781 3182 Marie
1838 3098 1919 3164 ad
1979 3101 2313 3180 ecclesiam
2367 3100 2506 3185 Spi-

268 3228 520 3275 rensem
564 3210 692 3274 tale
735 3208 1038 3293 predium,
1088 3208 1277 3291 quale
1321 3207 1388 3271 in
1432 3207 1588 3272 villa
1630 3207 1884 3272 nomine
1928 3207 2161 3271 Lutera
2199 3205 2509 3271 Mahtilda

267 3315 511 3398 Italica,
534 3394 539 3399 .
560 3321 780 3380 nostra
807 3317 1033 3399 neptis,
1074 3314 1396 3396 habuerat,
1431 3319 1494 3378 et
1523 3313 1696 3396 quod
1723 3313 1791 3377 in
1820 3319 2197 3397 potestatem
2225 3318 2507 3378 nostram

268 3421 414 3506 lege
459 3427 521 3487 et
554 3421 894 3506 judiciario
921 3421 1065 3507 jure
1109 3424 1501 3505 pervenerat,
1552 3440 1695 3485 cum
1726 3420 2137 3485 servientibus
2168 3439 2508 3502 eorumque

268 3528 452 3595 bonis
499 3534 562 3594 ct
604 3527 892 3593 omnibus
938 3526 1365 3613 appendiciis,
1414 3526 1484 3591 id
1529 3532 1627 3592 est
1670 3527 2031 3611 mancipiis,
2088 3527 2254 3593 areis
2266 3577 2283 3610 ,
2334 3525 2505 3607 edifi-

269 3635 418 3718 ciis,
478 3635 660 3701 terris
718 3635 900 3700 cultis
948 3641 1010 3700 et
1053 3635 1334 3717 incultis,
1383 3635 1504 3700 viis
1551 3640 1615 3699 et
1656 3633 1873 3716 inviis,
1937 3633 2119 3698 molis
2165 3613 2227 3699 et
2269 3632 2505 3697 molen-

271 3741 466 3825 dinis,
518 3743 699 3826 aquis
747 3761 1176 3825 aquarumque
1222 3740 1622 3823 decursibuS,
1680 3740 1879 3825 pratis
1890 3790 1907 3823 ,
1968 3740 2252 3824 pascuis,
2301 3739 2499 3823 silvis,

265 3849 620 3932 venatione,
669 3848 1039 3934 piscatione,
1089 3849 1360 3915 exitibus
1407 3852 1471 3913 et
1512 3846 1835 3930 reditibus,
1894 3847 2152 3930 quesitis
2198 3852 2261 3912 et
2301 3847 2505 3929 inqui-

266 3955 483 4021 rendis
529 3976 641 4021 seu
690 3951 1049 4020 cumomni
1094 3955 1379 4038 utilitate,
1429 3973 1549 4038 que
1592 3956 1723 4018 ullo
1768 3952 1958 4017 modo
1994 3952 2143 4018 inde
2170 3953 2504 4037 provenire

265 4068 500 4148 potest,
557 4063 625 4127 in
671 4061 994 4147 proprium
1040 4060 1349 4126 dedimus.
1420 4062 1519 4125 Ea
1561 4060 1859 4126 videlicet
1913 4059 2182 4141 ratione,
2242 4064 2313 4124 ut
2362 4078 2501 4144 pre-

268 4169 474 4235 dictus
520 4169 860 4254 episcopus
920 4175 982 4234 et
1040 4186 1440 4234 successores
1493 4167 1629 4251 ejus
1682 4164 1833 4230 inde
1885 4166 2077 4230 talem
2126 4166 2377 4248 qualem
2422 4165 2504 4233 de

267 4276 493 4358 ceteris
549 4275 637 4342 ad
703 4275 922 4341 sedem
977 4295 1158 4341 suam
1213 4274 1667 4368 pertinentibus
1722 4271 1907 4340 bonis
1966 4277 2339 4357 potestatem
2390 4271 2501 4338 ha-

266 4383 458 4448 beant
510 4383 797 4466 tenendi,
868 4381 1222 4468 prestandi,
1295 4371 1749 4464 commutandi,
1806 4377 2225 4467 precariandi.
2308 4377 2501 4466 Cujus
