3209 5434
1391 504 1396 511 “
1423 532 1550 598 147

358 688 498 771 Ego
556 686 956 753 Eadwardus
1023 708 1137 755 rex
1205 690 1482 773 sigillum
1537 690 1809 775 imposui
1868 704 1969 761 ψ.
2053 692 2192 777 Ego
2252 692 2597 778 stigandus

359 794 878 878 archiepiscopus
923 794 1183 861 laudavi
1231 808 1332 864 -Ι-.
1407 797 1546 881 Ego
1591 799 2030 865 Heremannus
2076 800 2415 886 episcopus
2464 819 2597 865 cor-

355 901 667 968 roboravi.
731 912 833 968 -Ι-.
914 901 1054 985 Ego
1111 902 1436 969 Leofricus
1496 905 1839 989 episcopus
1908 906 2217 972 affirmavi
2275 918 2377 974 -Ι-.
2444 906 2599 991 Ego

356 1008 714 1075 Willelmus
760 1010 1100 1095 episcopus
1153 1009 1547 1076 consolidavi
1596 1023 1700 1079 ψ.
1769 1011 1909 1094 Ego
1955 1010 2349 1096 AEgelnodus
2394 1013 2594 1079 abbas

357 1114 724 1182 confirmavi
778 1129 875 1185 -1-.
957 1119 1098 1201 Ego
1154 1118 1466 1202 Aegelvin
1527 1118 1727 1183 abbas
1787 1117 2043 1184 laudavi
2091 1131 2194 1187 -Ι-.
2276 1120 2415 1204 Ego
2473 1120 2601 1186 Ha-

347 1221 572 1288 roldus
631 1222 761 1287 dux
810 1236 912 1292 -Ι-.
992 1224 1133 1308 Ego
1186 1225 1412 1309 Tostig
1466 1224 1598 1291 dux
1649 1235 1751 1292 ψ.
1833 1224 1973 1308 Ego
2018 1225 2269 1310 AElfgar
2313 1226 2443 1292 dux
2493 1240 2596 1296 -Ι-.

354 1328 496 1413 Ego
543 1328 722 1414 Gyrd
767 1328 898 1395 dux
948 1342 1047 1399 -Ι-.
1119 1331 1258 1415 Ego
1305 1331 1578 1397 Brihtric
1627 1331 2025 1397 consiliarius
2076 1344 2177 1400 -Ι-.
2250 1334 2390 1417 Ego
2438 1332 2597 1399 AElf-

353 1455 472 1519 gar
527 1437 925 1504 consiliarius
977 1449 1077 1506 ÷.
1167 1439 1300 1521 Ego
1347 1439 1645 1522 AEgeloin
1700 1438 1987 1503 minister
2043 1450 2136 1505 ÷.
2220 1440 2359 1524 Ego
2405 1441 2602 1507 Ever-

351 1562 564 1609 wacer
618 1544 904 1611 minister
953 1554 1052 1611 ÷.
1137 1545 1276 1628 Ego
1322 1545 1568 1630 Esegar
1623 1544 1912 1609 minister
1959 1555 2059 1612 ÷.
2108 1546 2271 1630 -Ego
2317 1546 2599 1613 Rotberd

351 1649 638 1716 minister
687 1662 788 1719 -Ι-.
858 1652 1000 1735 Ego
1030 1652 1205 1717 Rauf
1239 1651 1524 1717 minister
1573 1661 1674 1718 ÷.
1744 1652 1885 1734 Ego
1915 1650 2125 1717 Bondi
2168 1653 2456 1721 minister
2494 1666 2595 1723 ψ.

349 1756 490 1841 Ego
545 1756 820 1823 AEilferd
873 1758 1156 1825 minister
1215 1770 1315 1826 -Ι-.
1397 1759 1538 1842 Ego
1598 1756 1877 1823 Eadmer
1932 1758 2217 1827 minister
2274 1771 2375 1829 4.
2443 1761 2598 1849 'Ego

276 1868 286 1874 “
350 1864 637 1947 AEgelsie
681 1865 968 1931 minister
1018 1876 1116 1932 -1-.
1186 1865 1326 1948 Ego
1357 1865 1614 1949 .AElfget
1656 1864 1943 1931 minister
1993 1876 2093 1933 ψ.

442 2018 510 2069 Ex
539 2020 744 2080 Komble,
779 2020 890 2070 Ood.
913 2021 1027 2083 dipl.
1048 2021 1164 2069 Aevi
1185 2020 1399 2070 Saxonici
1419 2022 1498 2080 IV,
1521 2022 1629 2070 150.

351 2402 474 2473 93.
558 2396 796 2494 Engo,
832 2420 962 2472 rex
1001 2396 1663 2491 Francogallorum‚
1700 2396 2140 2473 monasterio
2177 2396 2596 2473 Fossatensi

479 2580 492 2587 -
555 2545 886 2597 mansum
938 2521 1533 2597 indominicatum
1581 2522 1662 2596 in
1705 2522 1876 2597 villa
1910 2522 2323 2597 Mansiones
2379 2523 2594 2598 situm

563 2645 802 2722 donat.
892 2650 1067 2739 989,
1121 2645 1290 2721 Jun.
1337 2650 1459 2723 20.
1516 2645 1859 2721 ParisiuS.

523 2825 601 2889 In
645 2825 898 2889 nomine
944 2830 1206 2889 sanctae
1248 2831 1311 2888 et
1355 2823 1724 2889 individuae
1766 2823 2081 2891 trinitatis.
2152 2824 2341 2908 Hugo
2384 2821 2593 2907 gratia
2706 2822 2717 2833 ’

342 2930 468 2995 Dei
510 2951 642 2995 rex,
703 2930 1037 3014 'Quicquid
1090 2931 1249 2996 locis
1305 2930 1520 2996 divino
1577 2930 1771 2995 cultui
1826 2931 2201 3016 mancipatis
2260 2929 2590 3013 largiendo

344 3036 748 3121 conferimus,
812 3037 1201 3121 profuturum
1256 3037 1440 3102 nobis
1499 3043 1561 3102 et
1616 3037 1701 3102 ad
1759 3043 2082 3102 aeternam
2140 3036 2590 3103 beatitudinem

341 3143 747 3210 obtinendam
815 3150 878 3209 et
932 3144 1016 3210 ad
1073 3150 1472 3228 praesentem
1537 3144 1735 3209 vitam
1801 3141 2045 3208 felicius
2112 3142 2590 3227 transigendam

341 3250 596 3316 omnino
644 3251 1034 3317 confidimus.
1106 3253 1330 3334 Itaque
1358 3250 1604 3316 noverit
1636 3251 1911 3316 omnium
1943 3256 2203 3316 sanctae
2233 3250 2355 3315 Dei
2387 3251 2586 3317 eccle-

340 3357 478 3422 siae
506 3356 786 3422 fidelium
814 3362 1292 3440 nostrorumque
1313 3357 1741 3441 praesentium
1772 3379 1849 3424 ac
1880 3357 2225 3422 futurorum
2254 3356 2583 3440 industria,

337 3463 489 3547 quia
534 3482 648 3547 pro
681 3462 1076 3529 absolutione
1105 3470 1509 3548 peccatorum
1539 3470 1911 3548 nostrorum,
1958 3463 2045 3530 ad
2075 3463 2587 3548 deprecationem

339 3571 719 3636 venerabilis
767 3570 1012 3635 abbatis
1057 3571 1422 3637 monasterii
1468 3572 1889 3654 Fossatensis,
1937 3571 2191 3637 nomine
2234 3571 2363 3655 Maj
2372 3570 2475 3653 oli,
2526 3575 2589 3635 et

337 3676 787 3741 monachorum
833 3674 1118 3761 ejusdem
1161 3679 1703 3763 congregationis,
1754 3676 1923 3763 quod
1971 3684 2068 3743 est
2089 3675 2472 3742 dedicatum
2516 3676 2584 3741 in

336 3782 576 3848 honore
621 3783 846 3848 beatae
889 3783 1152 3866 virginis
1181 3785 1423 3851 Mariae
1468 3805 1544 3850 ac
1575 3785 1882 3870 principis
1928 3784 2358 3868 apostolorum
2386 3783 2577 3866 Petri,

335 3889 812 3955 considerantes
857 3908 1074 3955 eorum
1119 3910 1247 3955 non
1311 3890 1595 3956 modicas
1652 3891 2092 3973 necessitates,
2152 3895 2409 3976 propter
2461 3888 2583 3954 hoc

335 3996 718 4080 complacuit
760 3996 1117 4062 eelsitudini
1161 4004 1416 4063 nostrae
1474 3998 1540 4063 in
1597 3998 1875 4081 quadam
1917 3997 2099 4080 villa,
2160 3996 2227 4060 in
2284 3994 2583 4061 comitatu

333 4102 681 4169 Parisiensi
726 4102 868 4187 sita,
917 4104 1018 4167 cui
1053 4110 1164 4170 ‘est
1204 4106 1577 4171 vocabulum
1624 4104 2019 4186 Mansiones,
2068 4122 2358 4168 mansum
2400 4101 2581 4167 indo-

333 4209 698 4275 minicatum
743 4230 886 4274 cum
929 4210 1128 4295 pratis
1176 4218 1238 4277 et
1280 4212 1464 4278 terris
1511 4211 1852 4276 arabilibus
1866 4258 1883 4292 ,
1946 4210 2130 4275 cultis
2186 4215 2251 4274 et
2304 4209 2577 4293 incultis,

335 4322 398 4379 et
429 4315 766 4399 farinariiS‚
816 4319 1093 4401 pascuis,
1144 4318 1326 4401 aquis
1372 4336 1756 4399 aquarumve
1795 4316 2183 4399 decursibus,
2234 4335 2378 4381 cum
2406 4336 2580 4383 man-

334 4420 518 4506 cipiis
549 4423 872 4505 utriusque
913 4443 1104 4489 sexus
1151 4423 1423 4509 desuper
1464 4423 2001 4489 commanentibus
2044 4422 2178 4488 sive
2207 4443 2350 4491 cum
2383 4423 2580 4488 omni—

443 4530 462 4537 -
2011 4524 2131 4579 10⁴»
