3209 5434
1772 511 1903 576 100

1024 669 1287 753 Signum
1332 667 1547 734 domni
1594 668 1877 735 Cunradi
1922 668 2319 734 invictissimi
2370 669 2794 735 Romanorum
2835 666 2952 731 im-

1128 776 1439 860 peratoris
1485 770 1605 859 (M)
1651 776 1920 859 augusti.
1991 771 2089 859 (L.
2125 770 2222 858 S.)

1023 882 1361 949 Udalricus
1420 883 1836 948 cancellarius
1891 882 2032 949 vice
2085 880 2402 947 Bardonis
2457 878 2950 965 archicapellani

1133 990 1514 1072 recognovit.

701 1098 875 1165 Data
918 1096 1076 1162 VIII
1121 1096 1264 1161 idus
1310 1096 1481 1164 Junii
1496 1147 1513 1180 ,
1572 1095 1918 1162 indictione
1961 1095 2101 1179 XV,
2127 1116 2134 1121 ·
2165 1115 2333 1161 anno
2391 1093 2704 1175 dominice
2744 1093 2948 1159 incar-

608 1204 613 1209 ’
702 1202 977 1269 nationis
1022 1203 1375 1285 MXXXII,
1438 1223 1604 1268 anno
1661 1209 1872 1268 autem
1930 1202 2146 1268 domni
2205 1201 2485 1267 Cunradi
2541 1200 2799 1267 secundi
2849 1220 2946 1265 re-

704 1310 959 1395 gnantis
1005 1310 1179 1391 VIII,
1229 1309 1476 1394 imperii
1520 1329 1670 1375 vero
1716 1310 1858 1375 VII.
1929 1309 2158 1374 Actum
2201 1309 2585 1393 Merseburg.

796 1440 864 1487 Ex
906 1440 1184 1501 autographo
1228 1441 1384 1501 spurio
1427 1442 1475 1487 in
1514 1440 1740 1488 tabulario
1784 1440 2047 1487 Monacensi
2087 1442 2336 1488 asservato.
2378 1440 2618 1508 Sigillum,
2661 1439 2787 1497 eujus
2825 1438 2945 1496 frag-

889 1524 1089 1567 mentum
1118 1523 1341 1579 superest,
1374 1522 1566 1580 probum
1600 1524 1686 1567 est.
1733 1520 1917 1567 Editum
1949 1521 1999 1568 in
2032 1521 2155 1567 Mon.
2175 1522 2302 1567 Boio.
2323 1520 2506 1576 xxm,
2537 1522 2614 1566 34.
2655 1544 2703 1551 —
2736 1518 2947 1573 nemer,

888 1600 1003 1659 Reg.
1022 1602 1131 1661 imp.
1158 1602 1294 1647 1381.
1344 1601 1530 1661 Stumpf
1556 1603 1696 1647 2032.
1742 1600 1974 1657 Bresslau,
2005 1600 2194 1648 Kanzlei
2223 1600 2432 1647 Konrads
2463 1600 2520 1657 11,
2549 1599 2606 1647 R.
2629 1600 2734 1647 27⁷.

597 1860 651 1913 ἦ
711 1848 832 1919 70.
916 1840 1305 1917 Heinricus
1358 1842 1473 1917 ΙΠ.
1531 1843 1929 1943 imperator
1995 1846 2362 1940 diplomate
2413 1848 2652 1939 spurio
2711 1839 2942 1917 eccle-

918 1968 1070 2041 siae
1098 1965 1726 2063 Wirceburgensis
1773 1969 2295 2044 immunitatem
2344 1992 2482 2067 per
2532 1971 2760 2043 totum
2813 1964 2943 2039 du-

919 2098 1157 2168 catum
1258 2093 1629 2168 orientalis
1721 2092 1777 2168 F
1781 2094 2072 2169 tanciae
2178 2094 2572 2170 confirmat.
2721 2094 2945 2182 1049,

916 2216 1182 2313 Decbr.
1232 2223 1351 2293 14.
1408 2218 1844 2314 Wirziburg.

886 2375 955 2440 G.
1026 2376 1103 2439 In
1162 2377 1414 2442 nomine
1468 2385 1689 2444 sancte
1747 2384 1809 2443 et
1860 2377 2185 2444 individue
2230 2377 2544 2450 trinitatis.
2613 2334 2947 2483 Heinricus

708 2482 925 2547 divina
968 2481 1219 2547 favente
1267 2485 1599 2550 clementia
1645 2486 2070 2550 Romanorum
2101 2485 2442 2569 imperator
2485 2489 2804 2566 augustus.
2875 2481 2946 2546 Si

704 2589 1109 2674 petitionibus
1156 2592 1554 2657 sacerdotum
1599 2592 1722 2657 Dei
1780 2592 1861 2658 de
1905 2592 2034 2675 his,
2095 2611 2214 2675 que
2274 2591 2359 2656 ad
2400 2591 2547 2656 loca
2589 2595 2947 2655 sanctorum

697 2690 872 2779 juste
917 2696 1247 2778 pertinent,
1299 2700 1530 2764 nostris
1578 2700 1832 2763 auribus
1879 2700 2142 2783 prolatis
2179 2697 2662 2781 adquiescimuS,
2709 2696 2946 2779 regiam

710 2801 1228 2896 consuetudine-m
1274 2822 1669 2888 exercemus,
1721 2806 1869 2869 hinc
1916 2825 2166 2888 quoque
2211 2811 2272 2870 et
2315 2804 2726 2887 temporalem
2770 2802 2947 2885 regni

708 2907 907 2971 nostri
952 2908 1431 2991 prosperitatem
1479 2919 1810 2995 eterneque
1854 2913 1980 2993 vite
2015 2912 2280 2996 januam
2324 2912 2508 2977 nobis
2541 2911 2774 2996 aperiri
2818 2930 2945 2976 cre-

709 3012 933 3078 dimus.
1032 3013 1429 3099 Quapropter
1497 3019 1775 3083 omnium
1840 3019 2121 3084 fidelium
2187 3024 2538 3083 nostrorum
2596 3000 2944 3103 praesentis

706 3120 810 3185 vel
867 3120 1069 3201 future
1120 3114 1324 3203 [etatis
1342 3117 1412 3207 ¹)]
1470 3131 1688 3208 pateat
1733 3126 1989 3208 noticie‚
2040 3125 2212 3208 quod
2256 3125 2571 3192 Adelbero
2615 3124 2944 3191 Wirzibur-

708 3228 924 3309 gensis
987 3228 1251 3309 ecclesie
1307 3232 1684 3297 venerabilis
1751 3232 2008 3317 praesul
2065 3234 2296 3299 nostris
2356 3234 2578 3298 obtulit
2636 3232 2942 3298 obtutibus

710 3331 1021 3413 quasdam
1068 3335 1359 3417 cartulas,
1408 3335 1474 3399 in
1520 3339 1747 3419 quibus
1795 3340 2246 3422 continebatur,
2299 3339 2468 3423 quod
2513 3338 2945 3423 gloriosissimi

712 3444 1145 3503 antecessores
1209 3442 1408 3505 nostri
1464 3448 1593 3507 tam
1660 3466 1844 3527 reges
1917 3468 2106 3529 quam
2172 3446 2583 3529 imperatores
2652 3445 2938 3527 Karolus,

708 3536 1104 3629 Li’idewicus,
1139 3546 1459 3631 Arnolqu,
1496 3542 1960 3635 [Cfinradus²)]‚
2003 3553 2336 3619 Heinricus
2382 3560 2634 3635 tresque
2667 3552 2938 3634 OttoneS,

710 3653 1077 3737 Heinricus,
1140 3653 1407 3719 domnus
1457 3662 1519 3721 et
1562 3663 1744 3741 pater
1787 3664 2002 3723 noster
2047 3652 2406 3743 Cfinradus,
2468 3659 2612 3741 dive
2655 3658 2945 3738 memorie

710 3759 1139 3842 imperatores,
1192 3768 1450 3827 cunctas
1498 3782 1598 3828 res
1645 3769 1775 3828 tam
1812 3765 2076 3830 mobiles
2109 3786 2296 3848 quam
2326 3767 2678 3832 immobiles
2725 3767 2810 3832 ad
2854 3784 2945 3848 ec·

712 3866 971 3931 clesiam
1028 3867 1229 3931 sane-ti
1287 3869 1648 3952 salvatoris,
1717 3871 1783 3935 in
1852 3892 1978 3954 qua
2031 3874 2357 3955 preciosus
2416 3872 2650 3939 Christi
2714 3880 2946 3957 martyr

710 3944 1005 4071 Kilianus
1054 3974 1334 4057 sociique
1380 3974 1515 4059 ejus
1562 3978 1974 4059 corporaliter
2019 3979 2434 4063 requiescunt,
2473 3978 2648 4065 juste
2680 3986 2744 4045 et
2784 3982 2947 4063 lega-

709 4079 850 4144 liter
903 4080 1287 4164 pertinentes
1356 4081 1471 4145 sub
1540 4081 1928 4149 inmunitatis
1999 4104 2109 4166 sue
2169 4086 2372 4169 clipeo
2431 4093 2770 4152 tuerentur.
2848 4082 2948 4151 Ad

710 4183 832 4249 hoc
878 4186 1066 4250 etiam
1112 4187 1178 4251 in
1224 4187 1465 4253 eisdem
1511 4190 1766 4255 cartulis
1813 4192 2114 4275 scriptum
2125 4192 2510 4277 habebatur,
2558 4192 2733 4276 quod
2774 4212 2947 4279 prae-

891 4410 933 4472 ι)
968 4408 1139 4463 verba
1176 4411 1331 4463 uncis
1368 4411 1581 4465 inclusa
1617 4412 1816 4469 desunt
1852 4416 1907 4470 in
1945 4420 2058 4470 aut.
