3209 5434
1362 540 1490 608 153

305 704 369 765 et
389 769 393 774 ,
412 700 729 783 genetoris
773 699 973 767 nostri
1003 700 1226 767 Karoli
1255 701 1460 768 bonae
1490 703 1830 770 memoriae
1862 703 2131 788 piissimi
2161 702 2428 787 augusti,
2477 702 2543 768 in

305 826 434 889 qua
479 808 911 876 continebatur
955 809 1272 892 insertum,
1325 810 1592 892 qualiter
1640 810 1955 893 quondam
1991 812 2281 875 locellum
2310 829 2545 875 nuncu·

305 919 560 998 pantem
599 914 818 999 -Stilla,
875 915 1044 998 quod
1091 936 1142 1007 a
1177 917 1368 999 longo
1415 924 1696 1001 tempore
1742 938 1856 1002 pcr
1902 917 2406 983 confirmationes
2452 937 2546 982 re·

305 1041 454 1105 gum
499 1021 825 1106 praedicta
869 1022 1156 1106 possidet
1201 1024 1488 1106 eeclesia,
1540 1030 1815 1090 rectores
1861 1025 2060 1109 ipsius
2108 1024 2371 1104 ecclesie
2404 1042 2548 1088 cum

296 1127 623 1213 judicibus
653 1129 971 1213 regalibus
1002 1129 1352 1195 habuerant
1379 1132 1786 1196 intentionem
1817 1137 1879 1195 et
1908 1130 2299 1215 praedictum
2338 1132 2547 1195 locum

307 1255 420 1319 per
472 1236 616 1300 loca
662 1236 1081 1319 denominata,
1131 1236 1197 1302 id
1245 1244 1344 1303 est
1387 1259 1500 1321 per
1544 1238 1722 1321 regia
1768 1243 1982 1320 strata,
2032 1256 2151 1320 que
2195 1237 2403 1322 pergit
2447 1257 2547 1301 su-

305 1360 422 1427 per
464 1338 748 1426 rivolum,
799 1344 904 1426 qui
949 1342 1178 1409 dicitur
1223 1338 1423 1428 Stilla,
1473 1342 1665 1429 super
1707 1364 1861 1410 casa
1891 1344 2265 1427 Rummaldi,
2316 1342 2548 1411 deinde

306 1449 412 1514 ubi
471 1449 697 1515 dicitur
740 1449 1276 1536 Paphinisnaida,
1335 1451 1485 1517 inde
1540 1458 1739 1516 totum
1796 1457 2070 1516 montem
2128 1452 2236 1534 qui
2288 1457 2549 1517 vocatur

307 1556 774 1651 Arlegisbergo
800 1578 1004 1641 usque
1055 1558 1163 1623 ubi
1216 1558 1452 1624 rivolus
1509 1558 1737 1642 surgit,
1798 1558 1903 1642 qui
1961 1557 2186 1623 dicitur
2241 1556 2543 1641 Haslade,
2634 1588 2784 1631 l
2821 1542 2841 1603 Ἀ
2886 1516 2923 1592 ,.‘,

307 1654 493 1728 inde
503 1663 610 1728 ubi
641 1664 891 1729 Wichia
937 1665 1138 1748 surgit
1183 1685 1382 1748 usque
1429 1685 1551 1749 quo
1598 1666 1664 1730 in
1696 1666 1941 1730 Brusca
1984 1664 2347 1748 ingreditur,
2398 1663 2548 1730 inde

306 1769 529 1835 iterum
584 1791 701 1854 per
755 1772 949 1855 longa
993 1772 1237 1837 Brusca
1291 1792 1490 1855 usque
1544 1770 1694 1836 dum
1740 1772 1925 1839 Stilla
1969 1772 2135 1837 intus
2179 1768 2545 1853 ingreditur,

307 1875 395 1941 ad
438 1883 682 1961 partem
725 1878 1050 1962 praedicte
1095 1878 1403 1944 ecclesiae
1449 1878 1912 1962 adquesierant,
1962 1885 2023 1944 et
2053 1878 2319 1944 domn‘us
2352 1882 2414 1942 et
2442 1896 2549 1960 ge·

306 1983 475 2049 nitor
518 1990 732 2049 noster
777 2006 890 2069 per
937 1984 1202 2051 eandem
1249 1986 1681 2051 auctoritatem
1727 1981 1809 2050 ad
1841 1986 2048 2070 ipsam
2081 1984 2297 2050 sedem
2327 2004 2549 2067 peren·

308 2092 472 2156 niter
515 2090 598 2156 ad
645 2084 1004 2157 habendum
1039 2084 1453 2159 confirmaret.
1524 2094 1607 2157 Et
1650 2091 2023 2177 deprecatus
2068 2098 2182 2174 est,
2233 2098 2301 2155 ut
2343 2096 2549 2175 pater-

307 2218 459 2264 num
488 2219 726 2263 morem
756 2206 1090 2282 sequentes
1122 2206 1340 2265 nostra
1371 2200 1879 2266 confirmaremus
1912 2198 2299 2264 auctoritate.
2363 2195 2549 2275 Quod

307 2306 400 2371 ita
452 2325 571 2371 nos
628 2305 858 2371 fecisse
914 2307 1190 2371 omnium
1245 2304 1524 2371 fidelium
1582 2312 1937 2373 nostrorum
1983 2310 2328 2390 cognoscat
2370 2304 2549 2369 indu-

307 2413 481 2477 stria.
553 2413 1022 2498 Praecipientes
1070 2433 1222 2497 ergo
1258 2413 1569 2498 jubemus,
1621 2420 1688 2477 ut
1719 2414 1881 2479 sicut
1909 2414 1974 2477 in
2003 2418 2301 2497 precepto
2334 2410 2550 2477 domni

307 2524 372 2585 et
422 2519 725 2604 genitoris
771 2520 970 2585 nostri
1015 2521 1392 2603 continetur,
1452 2526 1516 2585 et
1559 2519 1887 2604 praedicta
1931 2520 2203 2585 ecclesia
2246 2519 2549 2587 moderno

306 2611 590 2711 tempore
635 2626 938 2712 possidet,
987 2627 1078 2693 ita
1122 2627 1422 2713 deinceps
1469 2626 1710 2711 abs'que
1754 2627 1941 2692 ullius
1988 2626 2415 2711 inpedimento
2460 2632 2550 2691 te-

307 2739 457 2799 neat
502 2738 689 2817 atque
735 2732 1065 2817 possideat
1111 2740 1172 2801 et
1219 2735 1518 2817 quicquid
1563 2735 1645 2799 de
1691 2734 1831 2817 ipso
1864 2735 1965 2800 vel
2004 2734 2071 2798 in
2103 2734 2243 2818 ipso
2276 2738 2549 2798 rectores

308 2839 633 2925 praedicte
679 2839 865 2905 sedes
881 2836 929 2923 ¹)
976 2841 1054 2905 ob
1101 2841 1427 2907 utilitatem
1476 2848 1538 2907 et
1581 2841 1929 2926 profectum
1976 2840 2175 2924 ipsius
2208 2841 2417 2907 facere
2446 2842 2551 2907 vel

297 2946 593 3033 judicare
653 2948 964 3013 voluerint
997 2946 1140 3031 jure
1186 2949 1579 3014 eclesiastico
1624 2948 2004 3032 perennibus
2050 2948 2432 3031 temporibus
2478 2947 2551 3012 li

307 3048 459 3121 bero
526 3056 858 3139 pociantur
922 3053 1178 3119 arbitrio
1245 3055 1538 3120 faciendi.
1639 3056 1817 3119 Haec
1880 3074 2031 3119 vero
2086 3055 2427 3119 auctoritas
2483 3060 2553 3119 ut

305 3162 693 3229 firmiorem'
676 3183 740 3226 m
764 3162 886 3227 Dei
917 3162 1170 3228 nomine
1201 3161 1480 3227 obtineat
1506 3161 1790 3245 vigorem
1820 3167 1881 3226 et
1910 3181 1951 3225 a
1972 3159 2261 3225 fidelibus
2290 3167 2551 3226 sanctae

307 3268 433 3334 Dei
477 3269 746 3333 ecclesie
792 3274 854 3334 et
896 3270 1131 3334 nostris
1176 3269 1387 3334 verius
1435 3267 1727 3333 credatur
1772 3273 1833 3332 et
1877 3266 2253 3351 diligencius
2299 3287 2551 3333 conser-

305 3381 517 3458 vetur,
578 3396 767 3441 manu
823 3376 1082 3459 propria
1132 3374 1729 3441 subterfirmavimus
1776 3380 1838 3440 et
1885 3352 2173 3509 [ει9ιιΙίῘἻ
2215 3366 2413 3476 §ostri
2457 3374 2551 3438 in·

305 3483 638 3568 pressione
683 3482 924 3565 signari
957 3482 1283 3566 jussimus,
2490 3498 2499 3507 ’

633 3624 700 3690 Ο.
736 3623 1076 3689 Durandus
1109 3623 1414 3689 diaconus
1452 3622 1535 3688 ad
1569 3622 1773 3689 vicem
1804 3622 2181 3689 Helisachar
2209 3622 2549 3706 recognovi

739 3737 800 3796 et
846 3730 1190 3815 subscripsi
1235 3724 1327 3814 (S.
1363 3725 1468 3813 R.)
1513 3725 1611 3812 (L.
1648 3724 1745 3812 S.)

631 3873 896 3957 Signum
938 3867 1058 3956 (M)
1101 3872 1459 3938 Hludowici
1505 3870 1891 3937 serenissimi
1935 3870 2355 3957 imperatoris.
2447 3931 2497 3981 k
2499 3920 2559 3987 ,w

307 4013 378 4081 Ο.
450 4015 620 4080 Data
661 4017 718 4081 V
760 4013 1074 4081 kalendas
1121 4014 1552 4104 SeptembreS,
1618 4032 1785 4077 anno
1831 4012 2080 4079 Christo
2133 4012 2405 4097 propitio
2446 3958 2596 4077 {ul

305 4122 556 4206 imperii
581 4122 796 4187 domni
830 4121 1190 4187 Hludowici
1220 4120 1490 4205 piissimi
1520 4120 1790 4203 augusti,
1826 4120 2169 4185 indictione
2191 4120 2272 4184 X.
2322 4114 2550 4185 Actum

305 4229 693 4313 Aquisgrani
737 4229 976 4313 palatio
1019 4229 1215 4313 regio,
1286 4229 1362 4292 In
1407 4226 1531 4292 Dei
1574 4226 1829 4295 nomine
1871 4226 2135 4293 feliciter
2178 4246 2381 4291 amen.

487 4456 532 4521 ι)
567 4454 664 4509 sic.
805 4455 853 4521 ⁸)
885 4454 1042 4509 locus
1077 4466 1277 4509 exesus
1311 4453 1369 4508 in
1403 4458 1619 4523 autogr.

329 4576 356 4613 s
379 4578 408 4623 ¹'.'
466 4560 584 4624 gfls·
621 4568 656 4595 ¹*

1127 4700 1262 4739 *ν’-θ
1330 4722 1338 4725 -
1379 4724 1387 4729 -
1428 4727 1441 4734 .
1481 4730 1490 4737 ,
1537 4718 1566 4733 '-
