3209 5434
236 724 271 809 [ἦ]
286 766 305 787 2
324 714 452 817 affl&-

1842 477 1932 540 fit]

768 640 890 712 35.
976 634 1364 710 Heinricus
1414 632 1528 708 ΙΙΙ.
1599 634 1996 733 imperatur
2068 636 2416 711 ecelesiae
2488 632 3009 708 Brund-subur-

982 759 1224 855 gensi,
1295 758 1645 857 episcopo
1701 759 2189 853 Dancwardo‚
2257 768 2651 836 mercatum
2705 763 2781 832 in
2842 760 3010 832 loco

976 883 1280 958 Ursleve
1336 881 1576 957 donat.
1673 889 1898 977 1051,
1955 884 2158 960 Mart.
2210 890 2328 960 19.
2418 884 2650 984 Spire.

945 1061 1022 1126 In
1051 1060 1305 1126 nomine
1342 1067 1601 1126 sanctae
1648 1067 1734 1126 et·
1754 1061 2121 1128 individuae
2148 1062 2463 1127 trinitatis.
2534 1053 2869 1149 Heinricus
2914 1057 3010 1122 di·

770 1169 920 1234 vina
974 1168 1226 1233 favente
1284 1167 1616 1232 clementia
1660 1168 2085 1234 Romanorum
2142 1170 2484 1253 imperator
2535 1172 2858 1250 augustus.
2939 1164 3011 1230 Si

767 1276 891 1361 piis
938 1275 1342 1359 petitionibus
1400 1273 1682 1339 fidelium
1737 1283 2093 1341 nostrorum
2140 1275 2493 1340 exorabiles
2540 1294 2723 1339 aures
2766 1273 3050 1381 ἱιιιῙ)<ιιι-.Ι

767 1382 1002 1465 dim-us,
1078 1381 1161 1446 ad
1218 1381 1622 1447 stabilitatem
1685 1383 1884 1447 nostri
1942 1383 2122 1466 regni
2179 1388 2556 1464 nostraeque
2612 1381 2806 1461 vitae,
2882 1365 3046 1441 imo

770 1489 1019 1555 animae
1087 1494 1343 1553 nostrae
1409 1488 1801 1572 profuturum
1856 1510 1998 1555 esse
2056 1489 2311 1554 minime
2373 1488 2746 1553 dubitamus,
2843 1485 3011 1562 Qua·
3038 1490 3061 1528 5

765 1602 1022 1680 propter
1070 1595 1357 1660 omnibus
1392 1594 1626 1659 Christi
1671 1596 1994 1679 nostrique
2038 1596 2330 1670 fidelibus
2376 1603 2505 1660 tam
2548 1592 2771 1658 suturis
2819 1611 3012 1674 quam

769 1709 831 1768 et
875 1702 1272 1786 presentibus
1318 1707 1533 1765 notum
1581 1721 1724 1767 esse
1770 1703 2057 1767 volumus
2068 1754 2085 1786 ‚
2146 1705 2413 1787 qualiter
2468 1722 2585 1767 nos
2633 1694 2776 1782 ob¹)
2823 1699 3012 1762 inter-

766 1815 1024 1874 ventum
1070 1828 1146 1874 ac
1189 1808 1555 1891 petitionem
1610 1808 2016 1894 ejusdemque
2052 1809 2209 1895 juge
2255 1810 2576 1876 servitium
2619 1803 3010 1872 Dancwardi

765 1900 1399 2011 Bra-igdeiiburgensis
1480 1915 1767 2000 episcopi
1836 1914 2040 1980 eidem
2106 1916 2510 1981 Dancwardo
2578 1918 2924 1979 mercatum
2933 1905 3006 1992 ²),

765 2029 1110 2104 monetam,
1169 2022 1561 2105 theloneum,
1624 2022 1974 2087 districtum
2034 2030 2406 2106 caeteraque
2453 2022 2666 2087 omnia
2717 2018 2803 2084 ad
2848 2017 3012 2081 haec
3046 2040 3070 2069 ν

756 2130 933 2216 juste
1000 2130 1411 2214 legaliterque
1477 2129 1857 2213 pertinentia
1920 2129 1987 2193 in
2043 2131 2183 2194 loco
2239 2131 2506 2196 Ursleve
2574 2134 2636 2194 et
2703 2127 2769 2192 in
2838 2143 3012 2209 pago

756 2201 1266 2318 Northturinga⁰
1301 2241 1363 2300 et
1427 2235 1495 2299 in
1551 2237 1851 2301 comitatu
1919 2235 2229 2302 Liutheri
2240 2214 2523 2302 comitis
2603 2235 2725 2300 sita
2793 2238 3015 2297 nostra

769 2343 1081 2427 imperiali
1141 2334 1571 2424 auctoritate³)
1629 2342 2057 2408 concessimus
2114 2364 2193 2408 ea
2245 2342 2542 2416 videlicet
2597 2341 2872 2422 ratione,
2944 2344 3014 2402 ut

768 2448 1170 2514 Dancwardo
1228 2448 1532 2532 episcopo
1589 2447 1874 2532 predicto
1947 2451 2202 2533 suisque
2264 2450 2734 2515 successoribus
2804 2465 3011 2528 neque

770 2556 898 2621 dux
955 2576 1160 2639 neque
1217 2575 1428 2620 comes
1485 2545 1634 2620 veloe'
1646 2556 2000 2622 vicecomes
2047 2563 2155 2621 aut
2198 2544 2433 2639 magna
2476 2557 2581 2622 vel
2624 2575 2828 2639 parva
2872 2573 3011 2637 per·
3034 2569 3075 2615 ,ἵ

770 2684 930 2728 sona
974 2663 1140 2726 hanc
1173 2668 1454 2745 nostram
1485 2661 1875 2745 imperialem
1907 2663 2386 2729 concessionem
2416 2663 2646 2728 audeat
2676 2661 3011 2726 molestare

768 2772 871 2837 vel
939 2769 1281 2851 infringere
1349 2775 1458 2832 aut
1525 2768 1610 2832 ibi
1679 2770 2075 2852 negotiantes
2131 2770 2496 2853 inquietare.
2589 2770 2673 2834 Et
2731 2774 2799 2831 ut
2852 2758 3010 2868 hssec

768 2881 988 2941 nostra
1033 2875 1378 2960 imperialis
1425 2876 1754 2941 concessio
1811 2897 1978 2943 nunc
2035 2883 2097 2942 et
2141 2878 2207 2941 in
2252 2897 2476 2942 aevum
2523 2875 2768 2941 stabilis
2816 2880 2878 2938 et
2920 2873 3010 2936 in-

772 2984 1077 3048 convulsa
1142 2988 1534 3067 permaneat,
1606 2981 1774 3047 hanc
1842 2991 2079 3050 cartam
2148 2984 2298 3049 inde
2368 2982 2679 3049 conscribi
2746 2998 3008 3062 eamque
3161 3067 3162 3070 Ἴ

769 3111 961 3156 manu
1003 3088 1264 3174 propria
1317 3094 1385 3151 ut
1440 3088 1657 3152 subtus
1703 3090 1979 3175 videtur,
2042 3093 2518 3158 corroborantes
2570 3089 2767 3173 sigilli
2813 3085 3066 3152 nostrize

770 3197 1185 3282 impressione
1220 3194 1527 3279 jussimus
1573 3195 1883 3279 insigniri.

1092 3337 1354 3420 Signum
1402 3336 1641 3402 domini
1685 3318 1966 3433 Hssinrioi
2010 3341 2189 3406 tercii
2234 3342 2403 3425 regis
2448 3338 2864 3422 invictissimj,
2916 3357 3007 3403 se-

1199 3442 1387 3508 cundi
1434 3444 1860 3510 Romanorum
1905 3447 2299 3532 imperatoris
2344 3447 2615 3532 augusti.

1093 3566 1481 3633 Winitherus
1542 3569 1956 3634 cancellarius
2013 3571 2152 3638 vice
2212 3572 2525 3638 Bardonis
2588 3569 3008 3637 archicancel-

1197 3674 1341 3739 larii
1385 3675 1744 3759 recognovi.
1762 3669 1810 3759 ⁴)
3026 3680 3076 3730 ιι·

773 3816 939 3881 Acta
974 3816 1174 3880 XIIII
1217 3816 1532 3882 kalendas
1563 3817 1821 3901 Aprilis,
1870 3818 2214 3903 indictione
2242 3821 2392 3904 1111,
2444 3840 2610 3886 anno
2658 3818 3010 3884 dominicae

772 3923 1224 3990 incarnationis
1267 3923 1437 4007 MLI,
1487 3944 1656 3988 anno
1702 3930 1910 3989 autem
1943 3925 2180 3991 domini
2209 3923 2553 4010 Heinrici⁶)
2600 3927 2768 4011 regis
2813 3925 3007 4007 tercii,

2299 4092 2426 4177 (¹1)

919 4205 958 4265 ι)
996 4202 1264 4271 Ludewig
1289 4202 1378 4255 ad.
1459 4203 1503 4267 ²)
1543 4204 1603 4256 L.
1634 4221 1955 4258 marcarum.
2029 4205 2074 4269 ⁸)
2102 4168 2662 4265 CodexAElthoritate.
2734 4209 2779 4274 ⁴)
2804 4208 3015 4263 Versus

666 4293 693 4320 ⁹
731 4283 740 4363 ἶ
776 4291 1260 4356 monogrammatis
1297 4296 1354 4343 et
1387 4290 1711 4358 Recognitio
1748 4293 1948 4347 desunt
1994 4295 2050 4347 in
2089 4294 2149 4349 C.

2137 4308 2187 4408 .)
2305 4298 2349 4362 ⁵)
2389 4296 2449 4351 C.
2486 4296 2718 4491 HinriV)
2766 4295 2916 4365 apud
2951 4297 3015 4350 L.

721 4374 977 4445 desunt
1011 4391 1201 4430 omnes
1240 4382 1402 4431 notae
1439 4378 1872 4447 chronologicae.
2325 4415 2329 4418 <

1833 4596 1862 4610 Ἀ

1520 4682 1558 4701 ‘²
1801 4688 1880 4734 ¹22·-
1911 4665 1948 4689 ’”’
1993 4684 2003 4697 “
2047 4690 2076 4718 ¹.

1298 4717 1496 4814 s!
1480 4691 1751 4810 *CAV-l
1825 4740 2076 4806 5⁹1⁴

1240 4832 1273 4863 'a
1408 4778 1594 4916 {IN-w
1782 4810 1792 4816 *
1889 4816 1905 4835 J
