3209 5434
1739 515 1868 580 174

681 666 952 737 talibus“
995 670 1141 756 jure
1177 670 1454 757 jurando
1503 672 1942 756 comprobare,
2001 672 2451 737 monasterium
2494 670 2606 735 illo
2653 669 2760 734 die
2805 688 2924 751 quo

683 780 963 843 cartulae
1008 778 1297 862 perditae
1343 784 1584 861 essent,
1636 777 1718 843 de
1762 778 1947 843 rebus
1996 798 2153 861 quas
2202 770 2621 858 continebant,
2671 776 2925 840 investi-

680 892 884 951 turam
939 884 1256 949 habuisse.
1335 883 1479 949 Non
1535 904 1680 949 raro
1736 883 1955 968 fiebat,
2020 892 2089 950 ut
2145 884 2431 950 ecclesiis
2488 889 2635 967 post
2679 881 2927 965 perdita

683 992 1031 1077 diplomata
1075 991 1390 1075 generalis
1439 1012 1655 1056 eorum
1700 991 2107 1075 confirmatio,
2161 1012 2325 1074 quae
2363 982 2705 1075 „apennis“
2745 1008 2926 1053 voea-

682 1099 864 1165 batur
910 1098 1190 1193 daretur:
1250 1098 1543 1163 monachi
1590 1099 1656 1164 S.
1690 1098 1988 1184 Dionysii
2035 1098 2174 1183 jam
2220 1104 2409 1163 antea
2450 1096 2596 1161 huic
2642 1096 2737 1161 rei
2782 1115 2924 1160 con-

682 1207 989 1272 sulebant.
1058 1206 1291 1270 Notatu
1322 1204 1520 1289 digna
1549 1203 1823 1289 denique
1864 1212 1961 1271 est
1992 1206 2223 1270 mentio
2258 1204 2449 1287 sigilli
2490 1215 2742 1289 „nostre
2768 1205 2925 1266 ima-

678 1314 851 1399 qim‘s
879 1312 1165 1397 flyuram
1209 1304 1647 1377 continentis“.

860 1464 977 1529 No,
1013 1463 1118 1528 28.
1190 1462 1489 1546 Diploma
1532 1461 1655 1528 hoc
1702 1462 1911 1529 adhuc
1956 1462 2259 1528 ineditum
2304 1468 2492 1544 atque
2522 1461 2677 1526 viris
2728 1458 2925 1525 doctis

682 1590 809 1635 non
855 1564 1069 1635 notum
1119 1576 1268 1634 erat.
1349 1569 1594 1635 Nomen
1640 1568 1877 1652 fidelis,
1938 1569 2115 1654 cujus
2174 1567 2623 1634 monasterium
2680 1567 2762 1630 ab
2818 1567 2925 1630 im-

682 1683 974 1761 peratore
1034 1676 1411 1757 donabatur,
1472 1676 1757 1741 mutilum
1814 1682 1939 1741 est:
2012 1676 2198 1741 Sicco
2263 1677 2367 1740 vel
2428 1673 2663 1738 Esicho
2735 1672 2927 1737 fuisse

683 1789 908 1867 potest.
982 1782 1167 1860 Quod
1210 1784 1660 1848 monasterium
1708 1782 2198 1867 intellegendum
2255 1782 2337 1846 sit
2380 1781 2537 1847 mihi
2580 1780 2776 1864 plane
2821 1778 2926 1842 du-

669 1890 852 1954 ·bium
900 1895 1016 1972 est,
1065 1909 1267 1971 neque
1313 1909 1438 1971 quo
1485 1890 1673 1954 modo
1722 1890 2003 1973 diploma
2047 1890 2113 1954 in
2156 1888 2533 1953 tabularium
2563 1886 2927 1950 Erfurtense

683 1996 1056 2081 pervenerit,
1106 1996 1388 2061 invenire
1433 1997 1627 2080 potui.
1705 1996 1996 2079 Sigillum
2042 1995 2211 2079 quod
2257 1996 2634 2079 impressum
2682 2000 2795 2076 est,
2847 1991 2926 2057 ad

684 2102 753 2167 id
819 2123 1020 2186 genus
1088 2103 1385 2187 pertinet,
1459 2101 1632 2184 quod
1700 2103 1967 2168 Kanzlei
2022 2100 2321 2168 Konrads
2381 2104 2463 2166 Π.
2525 2121 2786 2166 numero
2839 2100 2923 2164 IV

685 2210 934 2293 signavi
980 2205 1068 2293 (p.
1107 2209 1250 2292 85);
1300 2208 1581 2293 diploma
1627 2210 1834 2295 ipsum
1880 2210 2037 2274 nihil
2082 2208 2273 2274 habet
2316 2208 2571 2273 insoliti.

863 2362 980 2426 No.
1017 2361 1122 2424 29.
1202 2360 1301 2424 De
1361 2360 1481 2424 hoc
1536 2360 1884 2445 diplomate
1940 2361 2221 2445 pluribus
2283 2358 2603 2443 disputavi
2662 2356 2925 2422 Kanzlei

686 2466 985 2531 Konrads
1031 2467 1237 2531 11.·R.
1279 2467 1422 2532 147.
1482 2468 1581 2532 De
1635 2467 1866 2552 „banni
1912 2460 2257 2550 districtu“,
2321 2486 2443 2548 quo
2509 2465 2787 2549 „foresta
2838 2464 2925 2528 fa-

688 2566 867 2638 cere“
921 2594 961 2637 a
990 2593 1139 2656 rege
1172 2574 1661 2657 permittebatur,
1712 2574 1789 2640 cf.
1822 2575 2048 2639 librum
2075 2573 2400 2638 laudatum
2443 2594 2501 2657 p.
2530 2571 2639 2655 45,
2676 2573 2750 2636 R.
2783 2572 2922 2636 121.

687 2680 835 2744 Alia
880 2680 1171 2763 exempla
1217 2687 1362 2745 sunt
1407 2681 1663 2746 chartae
1696 2681 1952 2765 Stumpf
1974 2683 2078 2746 86.
2108 2681 2257 2745 613.
2291 2681 2478 2745 1221.
2513 2680 2702 2744 1363.
2738 2679 2922 2742 1638.

693 2788 882 2852 1811.
919 2786 1093 2850 2436
1142 2786 1301 2869 alia3
1358 2785 1434 2851 cf.
1469 2788 1693 2870 waitz,
1742 2786 2383 2870 Verfassungsgesch.
2419 2786 2527 2869 IV,
2568 2787 2693 2851 109
2728 2805 2812 2850 ss,

868 2891 1345 2959 Observandum
1392 2892 1663 2977 denique
1710 2900 1806 2959 est
1851 2894 2096 2959 scribae
2151 2894 2350 2959 nostri
2396 2893 2759 2978 diplomatis
2806 2892 2928 2957 sin-

688 3001 908 3084 gulare
955 2998 1208 3065 dicendi
1252 3020 1469 3082 genus.
1550 2988 1677 3066 Ter
1722 3001 1889 3089 enim
1944 3001 2139 3066 ternis
2200 3000 2549 3085 synonimis
2604 2998 2928 3065 vocabulis

688 3108 905 3172 utitur:
955 3107 1269 3191 erigimus,
1315 3107 1617 3191 fovemUS,
1654 3107 2061 3173 sublimamus
2093 3142 2181 3151 —
2212 3106 2543 3189 credimus,
2580 3124 2925 3190 speramuS,

689 3215 922 3280 scimus
978 3248 1068 3258 —
1125 3214 1528 3280 concedimus
1588 3215 1839 3297 damus,
1901 3214 2351 3279 condonamus.
2445 3214 2624 3279 Idem
2679 3213 2748 3277 in
2804 3212 2926 3276 alio

690 3320 974 3404 ejusdem
1017 3319 1412 3403 imperatoris
1460 3321 1805 3405 diplomate
1847 3317 2145 3405 (Kanzlei
2188 3320 2487 3386 Konrads
2532 3321 2615 3385 ΙΙ.
2667 3321 2741 3384 R.
2782 3320 2922 3401 189,

693 3426 769 3491 cf.
802 3446 949 3511 pag.
979 3419 1093 3508 35)
1125 3428 1407 3510 occurrit,
1456 3448 1663 3511 neque
1709 3428 2104 3511 dubitoquin
2147 3433 2413 3510 utraque
2443 3429 2664 3492 charta
2694 3427 2773 3492 ab
2804 3444 2925 3489 uno

691 3534 900 3599 scriba
944 3531 1180 3597 dictata
1225 3534 1323 3598 sit.

869 3685 986 3750 No,
1021 3685 1125 3748 30.
1184 3683 1276 3749 Of.
1311 3685 1780 3751 annotationem
1820 3685 1905 3750 ad
1937 3686 2013 3751 N.
2047 3686 2158 3768 103
2204 3685 2472 3749 Kanzlei
2511 3681 2810 3748 Konrads
2840 3682 2921 3745 II.

692 3790 733 3869 ἓ
780 3791 1080 3855 39—41.

870 3932 986 3997 No,
1017 3933 1119 3996 31.
1171 3933 1246 3996 In
1277 3932 1454 3998 titulo
1483 3933 1858 3999 vocabulum
1895 3928 2217 4018 „semper“
2254 3934 2561 3999 vocabulo
2600 3924 2919 4017 „augusti“

691 4038 1110 4122 praemissum
1161 4045 1328 4104 certe
1373 4060 1413 4104 a
1456 4040 1713 4105 librario
1760 4041 2045 4105 additum
2090 4047 2204 4106 est.

871 4189 988 4254 N0.
1025 4189 1129 4253 34.
1200 4190 1300 4255 De
1345 4196 1625 4255 mercatu
1683 4192 1917 4256 donato
1962 4212 2169 4275 pauca
2226 4190 2526 4256 annotavi
2585 4188 2671 4254 ad
2713 4190 2790 4253 N.
2822 4188 2921 4252 16.

694 4295 910 4360 Nostri
955 4295 1315 4380 diplomatis
1362 4298 1822 4382 autographum
1869 4297 2262 4382 deperditum
2308 4302 2432 4362 est:
2494 4300 2927 4360 conservatum

693 4421 844 4465 vero
889 4402 1072 4467 nobis
1119 4409 1218 4468 est
1260 4403 1326 4467 in
1371 4403 1615 4468 duobus
1663 4404 2016 4487 codicibus,
2066 4406 2265 4469 altero
2312 4400 2925 4486 Brandenburgensi‚
