3209 5434
1732 534 1860 598 170

671 716 780 759 zur
809 696 1083 779 Diplom.
1119 696 1152 759 I
1197 690 1289 779 (in
1338 694 1496 759 actis
1543 692 1723 759 acad.
1760 692 2138 759 Viennensis
2172 690 2570 774 hist-philos.
2605 689 2927 771 XXXVI,

672 801 806 895 356}
852 796 968 884 ss.)
1024 803 1118 883 II,
1185 802 1284 865 III
1355 802 1613 884 passim.
1702 799 1861 864 Inde
1920 820 1961 863 a
2014 798 2324 863 Ludovici
2380 797 2470 880 pii
2526 795 2931 879 temporibus

672 909 956 991 chartae,
1028 908 1252 990 quibus
1319 906 1770 972 mundeburdis
1838 907 1977 971 sola
2038 906 2175 970 sine
2242 903 2625 971 immunitate
2690 903 2931 966 aliisve

669 1014 1018 1099 privilegiis
1077 1013 1564 1095 concedebatur,
1632 1014 1965 1079 Germanis
2018 1012 2373 1077 hominibus
2420 1030 2675 1094 perraro
2725 1007 2931 1073 datae

671 1126 844 1185 sunt:
894 1122 983 1185 ita
1027 1120 1333 1185 Ludovici
1370 1118 1731 1185 Germanici
1777 1139 1967 1183 unum
2012 1125 2252 1183 tantum
2272 1184 2276 1188 ,
2297 1115 2655 1205 hujusmodi
2704 1136 2929 1180 exem-

669 1227 843 1311 plum
888 1226 1191 1294 habemus
1249 1224 1529 1307 (nostrae
1575 1226 1967 1290 collectionis
2012 1227 2087 1292 N.
2124 1220 2268 1308 98),
2328 1244 2545 1307 regum
2601 1243 2751 1287 vero
2804 1222 2930 1287 Sa·

670 1354 904 1399 xonum
959 1336 1062 1399 vel
1107 1334 1458 1399 Salicorum
1499 1318 1808 1415 ,equidem
1866 1332 2103 1396 nullum
2157 1332 2323 1397 novi.
2409 1332 2484 1395 In
2531 1328 2931 1394 cancellaria

670 1460 819 1505 vero
850 1441 1065 1506 italica
1093 1461 1292 1523 usque
1323 1440 1408 1504 ad
1437 1440 1686 1524 imperii
1716 1446 2002 1523 tempora
2031 1427 2355 1523 postrema
2376 1436 2687 1523 ejusmodi
2712 1434 2929 1519 diplo-

669 1552 842 1612 mata
873 1548 1024 1611 data
1053 1553 1214 1630 sunt,
1251 1567 1330 1611 ex
1363 1568 1489 1629 qua
1520 1546 1770 1611 demum
1801 1566 2018 1629 regum
2052 1545 2412 1612 Stauforum
2441 1544 2744 1609 memoria
2772 1562 2929 1607 mos

670 1654 736 1718 in
794 1653 1196 1718 Germaniam
1263 1674 1509 1718 rursum
1577 1653 1965 1718 introductus
2028 1659 2140 1718 est.
2226 1651 2410 1729 Quod
2466 1651 2551 1715 ad
2607 1650 2929 1714 formulas

669 1759 893 1824 harum
951 1760 1305 1825 chartarum
1360 1760 1607 1843 attinet,
1680 1760 1801 1825 hoc
1856 1761 2129 1825 maxime
2186 1760 2347 1823 inter
2403 1778 2513 1823 eas
2565 1777 2642 1822 ac
2705 1763 2931 1821 cetera

671 1866 849 1949 regia
895 1866 1242 1950 diplomata
1287 1868 1562 1949 interest,
1615 1866 1786 1948 quod
1830 1865 2290 1932 mundeburdia
2326 1864 2595 1930 saeculis
2624 1864 2691 1927 X
2724 1869 2788 1927 et
2822 1864 2929 1928 XI

673 1992 921 2057 semper
975 1972 1106 2038 sere
1163 1974 1339 2057 regia
1401 1974 1861 2057 subscriptione
1930 1980 1992 2039 et
2044 1974 2361 2039 mentione
2412 1990 2930 2054 monogramma-

669 2080 782 2163 tis,
865 2100 1026 2162 quae
1095 2081 1255 2145 alias
1331 2081 1396 2144 in
1471 2100 1660 2146 versu
1730 2080 2257 2145 corroborationis
2327 2097 2650 2144 occurrere
2731 2078 2925 2158 solet,

672 2192 904 2252 carent.
984 2183 1104 2270 (Cf.
1151 2187 1367 2252 Sickel
1411 2188 1452 2251 1.
1489 2207 1540 2252 c.
1586 2189 1637 2271 Ι,
1688 2188 1818 2253 358
1868 2189 1945 2254 N.
1992 2189 2031 2251 2
2080 2193 2143 2251 et
2184 2188 2301 2269 ΠΙ,
2356 2187 2481 2250 192
2526 2186 2605 2250 N.
2657 2178 2747 2265 1.)
2820 2184 2932 2247 Ita

668 2293 735 2358 in
795 2300 1057 2376 utroque
1114 2293 1473 2378 hujusmodi
1533 2294 1875 2379 diplomate
1930 2299 2184 2359 nostrae
2244 2292 2629 2357 collectionis
2682 2285 2788 2373 (N.
2832 2291 2930 2355 20

671 2406 733 2465 et
790 2396 904 2483 26)
961 2421 1061 2465 res
1123 2420 1193 2465 se
1245 2400 1436 2465 habet
1445 2452 1462 2483 ,
1521 2402 1627 2485 ita,
1677 2408 1745 2465 ut
1789 2408 2040 2486 praeter
2085 2401 2379 2483 exempla
2423 2420 2462 2463 a
2507 2418 2608 2462 me
2649 2396 2931 2461 laudata

669 2508 734 2571 in
781 2508 991 2572 libello
1039 2528 1178 2572 meo
1223 2508 1490 2573 Kanzlei
1535 2508 1837 2574 Konrads
1883 2510 1967 2573 H.
2016 2529 2077 2591 p.
2114 2508 2233 2589 49,
2296 2506 2423 2571 alia
2476 2506 2718 2587 aliquot
2761 2505 2929 2569 affe-

671 2635 824 2696 ram,
874 2615 938 2678 in
986 2614 1160 2698 dipll.
1197 2615 1453 2700 Stumpf
1491 2616 1694 2698 24493
1744 2615 2018 2680 Btihmer
2062 2616 2135 2678 R.
2171 2615 2250 2679 K.
2291 2615 2480 2679 1380.
2520 2613 2710 2677 1381.
2783 2611 2928 2695 Op-

671 2721 821 2786 time
867 2727 1072 2785 autem
1120 2722 1390 2804 probant
1436 2724 1562 2787 alia
1610 2722 1920 2804 quaedam
1968 2721 2341 2805 diplomata,
2403 2719 2715 2801 formuliS,
2776 2718 2929 2799 qui-

669 2829 786 2893 bus
856 2829 1084 2892 notarii
1147 2829 1213 2893 in
1280 2828 1714 2895 describendis
1785 2827 2227 2893 mundeburdii
2280 2827 2503 2892 litteris
2558 2825 2925 2907 utebantur,

671 2934 1194 3018 subscriptionem
1240 2936 1478 3017 regiam
1526 2936 1820 3000 defuisse.
1884 2937 2171 3018 Namque
2200 2935 2262 2998 in
2298 2934 2518 2998 charta
2548 2932 2801 2999 Ottonis
2830 2932 2924 2995 II.

670 3036 955 3125 (Stumpf
1003 3035 1188 3123 863),
1255 3062 1442 3123 quam
1487 3044 1667 3107 Tosti
1711 3038 1951 3127 (Storia
2006 3041 2583 3106 diMontecassino
2638 3040 2690 3122 I,
2750 3033 2929 3120 245)

670 3169 748 3213 ex
810 3148 1200 3231 autographo
1259 3148 1480 3231 edidit,
1554 3170 1775 3215 versus
1833 3148 2360 3214 corroborationis
2418 3148 2509 3211 ita
2566 3150 2928 3228 conceptus

671 3262 782 3337 est,
833 3261 900 3319 ut
943 3256 1498 3337 monogrammatis
1545 3256 1779 3321 mentio
1826 3276 1953 3321 non
1999 3255 2135 3319 fiat:
2186 3254 2371 3332 Quod
2417 3260 2483 3318 ut
2525 3253 2735 3318 verius
2778 3272 2929 3317 ere-

672 3360 854 3425 datur
886 3361 1374 3445 diligentiusque
1406 3364 1484 3427 ab
1519 3363 1807 3427 omnibus
1840 3364 2220 3444 observetur,
2256 3362 2466 3443 sigillo
2498 3366 2713 3425 nostro
2741 3357 2929 3424 hanc

671 3468 968 3551 paginam
1040 3468 1320 3550 sigilla-re
1387 3470 1803 3553 precepimus,
1894 3471 2189 3534 Attamen
2245 3468 2310 3532 in
2369 3468 2509 3551 ipso
2566 3466 2929 3549 diplomate

668 3581 814 3659 post
870 3560 1360 3657 recognitionem
1418 3578 1780 3641 cancellarii
1836 3573 2313 3658 monogramma
2366 3574 2747 3640 delineatum
2794 3579 2924 3655 est,

671 3680 786 3745 sed
831 3680 1018 3753 modo
1051 3688 1269 3746 notatu
1301 3681 1673 3767 dignissimo
1708 3683 1843 3748 sine
1876 3683 2077 3747 solitis
2110 3681 2349 3747 verbis:
2400 3680 2659 3764 Signum
2693 3679 2928 3743 domni

671 3785 918 3852 Ottonis
966 3788 1236 3871 piissimi
1282 3789 1696 3874 imperatoris.
1775 3791 2060 3874 Apparet
2103 3790 2291 3872 igitur
2337 3787 2400 3852 in
2446 3787 2733 3869 formula,
2784 3807 2929 3869 qua

669 3894 950 3958 notarius
987 3895 1292 3979 utebatur,
1342 3897 1578 3961 nullam
1610 3897 2165 3979 monogrammatis
2196 3895 2576 3959 mentionem
2606 3913 2819 3975 neque
2854 3895 2928 3958 in

669 4021 858 4065 versu
906 4003 1432 4068 corroborationis
1478 4022 1682 4085 neque
1728 4003 1793 4065 in
1838 4022 2025 4067 versu
2062 4001 2228 4085 signi
2259 4001 2492 4065 factam
2523 4021 2681 4083 esse,
2733 4001 2925 4067 illum

671 4113 896 4190 autem,
945 4109 1177 4192 quippe
1211 4111 1318 4192 qui
1353 4111 1671 4193 ignoraret
1698 4108 1853 4172 talia
1884 4115 2029 4173 acta
2056 4114 2593 4191 monogrammate
2622 4109 2929 4175 ornanda

671 4233 799 4277 non
867 4234 1038 4296 esse,
1107 4236 1595 4299 monogramma·
1655 4214 2075 4281 delineavisse
2139 4215 2397 4298 regique
2461 4215 2927 4300 perficiendum

551 4389 556 4395 ,
673 4317 1032 4404 tradidisse,
1083 4329 1150 4385 ut
1194 4324 1260 4387 in
1306 4322 1528 4387 ceteris
1559 4322 1751 4404 regiis
1784 4318 2147 4406 diplomatis
2180 4322 2531 4388 scribendis
2568 4316 2776 4387 facere
2814 4343 2926 4389 so-

674 4425 860 4491 lebat.
912 4427 1114 4492 Simili
1155 4427 1344 4492 modo
1380 4447 1522 4492 sese
1554 4428 1741 4493 habet
1771 4430 2052 4513 diploma
2083 4429 2331 4495 Ottonis
2360 4430 2410 4494 Ι.
2444 4424 2729 4526 (Stumpf
2746 4425 2927 4513 465)
