3209 5434
1818 462 1903 527 82

736 620 1061 707 praefatae
1104 620 1229 688 Dei
1285 621 1636 687 aecclesiae
1698 640 1840 685 cum
1901 620 2191 686 omnibus
2237 618 2412 704 juste
2467 624 2530 684 et
2572 616 2855 700 legitime
2905 614 2994 680 ad

739 748 809 794 se
840 728 1292 813 aspicientibus
1331 728 1445 793 sub
1477 733 1734 792 nostrae
1764 727 2172 793 immunitatis
2203 725 2466 790 tuitione
2497 724 2990 807 susciperemus.

736 834 929 919 Cujus
976 835 1266 920 petitioni
1308 836 1573 901 libenter
1620 854 1835 900 aurem
1865 833 2352 899 accomodamus
2399 838 2461 897 et
2505 831 2670 895 hanc
2713 827 2992 895 auctori·

736 948 930 1009 tatem
988 947 1244 1007 nostrae
1300 942 1710 1007 immunitatis
1765 943 1937 1006 circa
1980 940 2186 1025 ipsam
2233 939 2451 1007 sedem
2497 938 2756 1023 ejusque
2801 956 2990 1021 prae-

736 1050 899 1114 latos
946 1047 1083 1113 fieri
1137 1047 1559 1131 decrevimus,
1621 1069 1734 1133 per
1792 1068 1980 1131 quam
2033 1047 2418 1133 precipimus
2463 1044 2846 1128 firmiterque
2877 1042 2990 1128 ju·
3011 1056 3040 1091 ν’

737 1155 984 1238 bemuS,
1044 1161 1112 1219 ut
1168 1156 1375 1221 nullus
1421 1155 1626 1240 judex
1680 1155 1969 1239 publicus
2029 1157 2132 1220 vel
2187 1154 2482 1238 quislibet
2526 1173 2606 1219 ex
2640 1149 2991 1236 judiciaria

378 1233 439 1325 [Ψ
737 1269 1050 1347 potestate
1106 1262 1172 1327 in
1204 1254 1523 1355 ‚lecclesias
1584 1268 1695 1326 aut
1749 1262 1894 1327 loca
1945 1262 2049 1328 vel
2094 1282 2284 1345 agros
2344 1280 2458 1325 seu
2515 1259 2790 1342 reliquas
2837 1276 2990 1341 pos-

739 1370 1058 1435 sessiones
1090 1376 1471 1435 memoratae
1517 1369 1708 1450 sedis‚
1759 1389 1918 1452 quas
1964 1367 2270 1433 moderno
2299 1375 2582 1452 tempore
2619 1366 2685 1431 in
2731 1364 2988 1447 quibus-

737 1477 888 1542 libet
932 1476 1118 1561 pagis
1164 1476 1266 1541 vel
1313 1476 1642 1541 territoriis
1690 1476 1853 1541 infra
1896 1474 2198 1541 ditionem
2240 1475 2421 1559 regni
2465 1474 2666 1539 nostri
2702 1472 2874 1557 juste
2925 1476 2990 1535 et

412 1669 420 1678 Α
557 1622 617 1692 {³
656 1664 664 1671 ς
743 1584 1035 1667 legaliter
1079 1582 1383 1667 possidet,
1432 1570 1535 1647 vel
1582 1603 1744 1666 quae
1792 1583 2092 1667 deinceps
2140 1584 2204 1648 in
2225 1582 2370 1668 jure
2401 1581 2603 1666 ipsius
2635 1578 2990 1645 aecclesiae
3015 1605 3040 1640 w

262 1720 351 1783 ‘'..L
374 1725 483 1794 ‘'i-
521 1717 531 1770 ς
575 1678 605 1763 '‚
636 1698 665 1725 ⁸
700 1677 709 1691 ’
743 1684 1034 1775 [voluerit
1079 1689 1295 1754 divina
1340 1689 1547 1772 pietas
1594 1690 1832 1774 augeri,
1882 1689 1968 1755 ad
1998 1710 2227 1755 causas
2259 1688 2611 1755 audiendas
2657 1688 2758 1753 vel
2805 1683 2992 1751 freda

259 1787 323 1902 [³³
368 1786 383 1811 ”
418 1804 459 1894 θ’
526 1780 531 1795 ’
564 1848 572 1864 ,
609 1852 619 1864 .
742 1796 1057 1879 exigenda
1102 1803 1210 1860 aut
1250 1796 1614 1861 mansiones
1652 1803 1759 1861 aut
1789 1803 2046 1881 paratas
2078 1796 2406 1863 faciendas
2437 1802 2546 1861 aut
2574 1793 2987 1879 fidejussores
3183 1842 3185 1861 2

268 1881 398 1996 ’ἱ
476 1896 567 1977 ’“Ῑ,,·
709 1884 1055 1980 [tollendos
1110 1907 1220 1967 aut
1276 1902 1563 1967 homines
1623 1902 1824 1987 ipsius
1883 1898 2257 1987 aecclesiae]
2279 1897 2326 1987 ¹)
2385 1903 2520 1968 sive
2573 1901 2830 1967 accolas
2883 1898 2992 1965 vel

304 1997 379 2051 ‘ff'
513 1995 519 2007 ¹
741 2011 1006 2077 Sclavos
1040 2009 1106 2074 in
1152 2010 1284 2075 ulla
1327 1992 1404 2075 re'
1439 2010 1845 2094 stringendos
1893 2017 2001 2075 aut
2043 2011 2319 2076 inlicitas
2366 2010 2735 2075 occasiones
2779 2005 2989 2090 requi-

741 2116 974 2184 rendas
1034 2118 1163 2182 ullo
1222 2105 1519 2200 umquam
1564 2124 1848 2202 tempore
1905 2117 2137 2184 audeat
2191 2116 2442 2202 ingredi
2500 2117 2603 2183 vel
2655 2135 2732 2181 ea
2746 2165 2763 2197 ,
2825 2132 2990 2197 quae
3017 2128 3036 2167 τ’

742 2245 937 2310 supra
964 2230 1311 2289 memorata
1341 2230 1502 2307 sunt,
1551 2226 1844 2308 poenitus
1893 2225 2148 2309 exigere
2187 2230 2568 2309 praesumat.
2639 2220 2771 2288 Sed
2799 2222 2993 2287 liceat

630 2344 639 2353 ·
742 2337 1088 2396 memorato
1134 2331 1413 2415 praesuli
1460 2322 1718 2413 suisque
1764 2333 2234 2398 successoribus
2290 2352 2394 2398 res
2439 2330 2802 2416 praedictae
2847 2346 2992 2393 aee·

745 2438 979 2503 clesiae
1026 2437 1141 2502 sub
1174 2437 1582 2503 immunitatis
1615 2445 1870 2508 nostrae
1918 2438 2286 2505 defensione
2333 2439 2541 2522 quieto
2589 2437 2810 2503 ordine
2843 2454 2992 2521 pos·

745 2544 954 2611 sidere
1000 2550 1063 2609 et
1106 2551 1322 2609 nostro
1370 2565 1594 2629 parere
1641 2546 1923 2630 imperiO,
1976 2547 2270 2630 quatinus
2318 2547 2518 2631 ipsius
2565 2551 2827 2610 sanctae
2867 2541 2992 2607 Dei

746 2652 1057 2718 ecclesiae
1106 2651 1380 2716 caelibes
1428 2654 1543 2736 pro
1590 2652 2018 2721 incolomitate
2073 2662 2135 2721 et
2179 2656 2520 2721 stabilitate
2565 2651 2746 2735 regni
2790 2648 3046 2715 nostrin

744 2758 868 2823 Dei
916 2757 1359 2841 omnipotentis
1407 2760 1907 2825 misericordiam
1943 2760 2182 2847 jugiter
2227 2781 2491 2828 exorare
2545 2759 2830 2825 delectet.
2906 2756 2992 2821 Et

746 2871 815 2929 ut
868 2863 1027 2930 haec
1079 2865 1420 2929 auctoritas
1478 2868 1911 2932 concessionis
1966 2876 2221 2934 nostrae
2279 2868 2516 2933 firmior
2569 2866 2875 2931 habeatur
2925 2868 2991 2927 et

746 2991 862 3056 per
904 2970 1113 3036 futura
1156 2978 1445 3055 tempora
1491 2994 1531 3037 a
1564 2975 1804 3039 cunctis
1836 2974 2127 3041 fidelibus
2159 2976 2391 3041 nostris
2434 2974 2796 3059 diligentius
2843 2990 2990 3037 con·

746 3085 1053 3161 servetur,
1124 3099 1316 3143 manu
1383 3081 1645 3163 propria
1711 3088 1930 3148 nostra
1989 3084 2206 3148 subter
2271 3103 2413 3149 eam
2478 3081 2862 3147 firmavimus
2927 3084 2991 3145 et

651 3240 659 3247 .
748 3186 937 3250 anulo
982 3190 1198 3252 nostro
1246 3185 1513 3267 sigillari
1549 3186 1876 3271 jussimus.
3023 3171 3060 3217 ἕ(

1072 3300 1335 3382 Signum
1381 3301 1594 3366 domni
1644 3304 2005 3371 Chuonradi
2050 3300 2169 3389 (M)
2217 3304 2604 3371 serenissimi
2649 3304 2834 3389 regis,

1070 3405 1266 3472 Salon
1281 3401 1331 3489 ²)
1361 3410 1777 3476 cancellarius
1811 3411 1897 3477 ad
1927 3413 2130 3479 vicem
2161 3414 2470 3497 Piligrimi
2501 3408 2990 3496 archicapellani

1177 3516 1519 3597 recognovi
1565 3522 1628 3581 et
1673 3519 2036 3605 subscripsi.
2109 3515 2201 3604 (S.
2237 3516 2345 3603 R.)
2413 3515 2510 3605 (L.
2547 3514 2646 3603 S.)

682 3716 691 3723 .
749 3628 921 3693 Data
1007 3628 1141 3694 IIII
1230 3650 1432 3696 nonas
1523 3633 1706 3715 Julii,
1813 3655 1980 3701 anno
2086 3635 2440 3702 dominicae
2539 3632 2990 3701 incarnationis

460 3726 475 3787 ἰ
514 3770 519 3777 ·
563 3763 573 3774 ·
617 3736 635 3811 J
750 3734 1273 3820 DCCCOXVIII,
1335 3737 1680 3804 indictione
1693 3716 1899 3831 HVJJ,
1962 3763 2128 3808 anno
2174 3764 2328 3809 vero
2376 3743 2557 3827 regni
2599 3738 2994 3807 invictissimi
3019 3760 3055 3802 20

562 3895 567 3906 .
654 3921 677 3939 a
750 3842 922 3924 regis
992 3841 1355 3908 Ohuonradi
1399 3846 1538 3910 VII.
1633 3847 1861 3913 Actum
1930 3849 2014 3915 ad
2085 3851 2403 3917 civitatem
2457 3850 2824 3918 Wirciburc.
2918 3847 2994 3911 In

579 3965 589 3973 ·
749 3948 876 4014 Dei
917 3950 1173 4016 nomine
1216 3950 1481 4018 feliciter
1527 3973 1732 4019 amen.

838 4088 913 4163 „Ex
943 4089 1065 4136 Mon.
1088 4090 1241 4136 Boicis
1265 4091 1511 4149 XXVHD,
1535 4094 1642 4141 153.
1688 4095 2030 4156 Antographum
2063 4097 2111 4144 in
2144 4100 2268 4156 regio
2299 4098 2521 4145 tabulario
2554 4096 2816 4144 Monacensi
2846 4108 2994 4141 asser-

937 4172 1083 4216 vatur.
1125 4169 1283 4216 Edidit
1302 4174 1540 4229 praeterea
1555 4172 1776 4271 Fckhart,
1799 4175 1988 4257 Francia
2010 4176 2085 4224 Or.
2106 4178 2161 4236 ΙΙ,
2185 4180 2291 4226 900.
2331 4202 2380 4211 -—
2417 4180 2627 4237 Bohmer,
2658 4178 2770 4237 Reg.
2787 4179 2902 4238 Imp.
2922 4180 2996 4225 32.

933 4368 975 4434 ¹)
1013 4368 1185 4452 Deest
1221 4370 1277 4425 in
1312 4372 1656 4442 autographo
1692 4380 1869 4431 toturn
1907 4376 2013 4434 hoc
2048 4381 2418 4437 enunciatum.
2538 4383 2582 4451 ²)
2621 4380 2704 4438 cf.
2723 4397 2859 4452 pag.
2888 4384 2940 4437 2.

1168 4456 1175 4469 1
1273 4452 1283 4459 ·
1370 4449 1389 4482 ,ζ
1434 4468 1441 4477 ,
1494 4468 1499 4475 ,
1703 4464 1715 4472 .,
1771 4450 1783 4466 ⁰

1022 4481 1033 4497 Ι
1088 4452 1110 4505 ⁶!-
1158 4484 1213 4530 ψ
1266 4460 1332 4526 k*
1354 4499 1375 4519 ‘'-
1394 4497 1409 4510 '‘
1427 4494 1438 4510 ἱ
1468 4481 1493 4525 δ’
1532 4482 1640 4532 ’,ἐκ-ι*
1690 4481 1736 4518 Μ’·
1753 4478 1783 4526 '⁴2
1805 4506 1816 4521 1
1837 4500 1851 4517 ¹
1877 4479 2004 4527 :SVVJ
2076 4488 2106 4536 ’ἶ
2145 4515 2158 4529 ι
2181 4478 2228 4529 'tn
2259 4471 2369 4531 '‘3''
2411 4520 2420 4525 -
2443 4460 2677 4559 ῗῆὶὶιιᾳ

1014 4538 1054 4564 x·
2051 4543 2095 4581 μ’
2160 4556 2196 4571 -.
2331 4549 2344 4569 t
