3209 5434
1363 494 1489 561 125

302 653 570 731 servent,
622 649 714 714 eis
761 650 1211 718 condonamus,
1286 653 1490 731 Quam
1538 655 2072 721 confirmationem
2116 657 2539 741 supradictam

300 754 673 820 remissione
717 755 888 822 facta
906 753 972 840 ¹),
1023 765 1091 822 ut
1134 759 1343 824 nullus
1392 780 1826 825 successorum
1867 769 2222 828 nostrorum
2251 763 2543 829 videlicet

300 879 522 944 regum
583 881 694 927 seu
740 864 1184 948 imperatorum
1230 865 1546 932 infirmare
1592 867 1772 951 velit,
1832 888 2129 951 rogamus
2177 875 2238 934 et
2282 891 2396 953 pro
2445 873 2539 933 sui

297 965 451 1031 facti
497 968 829 1054 cujuslibet
873 970 1154 1054 optanda
1190 972 1528 1038 stabilitate
1559 972 1930 1057 obligamuS,
1982 976 2104 1059 qui,
2157 976 2325 1058 quod
2355 977 2535 1057 absit,

298 1072 366 1137 in
412 1093 535 1156 quo
581 1096 698 1141 nos
744 1076 1033 1161 infirmat,
1084 1097 1155 1143 se
1188 1084 1250 1144 et
1281 1078 1451 1162 quod
1481 1079 1701 1144 fecerit
1730 1079 2031 1145 infirmari
2064 1082 2296 1147 credat.
2357 1084 2539 1149 Hanc
2643 1150 2645 1152 ,

295 1179 488 1263 igitur
532 1183 1098 1267 confirmacionem,
1147 1190 1215 1249 ut
1260 1185 1429 1251 infra
1472 1185 1747 1269 videtur,
1772 1170 1874 1279 En
1919 1186 2042 1251 hac
2089 1194 2292 1271 carta,
2351 1209 2539 1273 quarn
2627 1265 2631 1269 ¹
2691 1209 2695 1225 ·
2739 1197 2743 1201 '
2785 1205 2824 1217 ·’

295 1287 490 1351 scribi
535 1287 875 1373 jussimus,
935 1290 1305 1375 inscriptam
1362 1298 1425 1357 et
1477 1293 1679 1358 nostri
1737 1292 1929 1376 sigilli
1985 1294 2401 1379 impressione
2447 1297 2535 1357 in-

294 1391 597 1476 signitam
645 1396 847 1461 omnis
895 1399 1341 1482 generationiS‚
1389 1405 1521 1464 tam
1565 1399 1767 1481 future
1813 1419 2003 1481 quam
2048 1402 2378 1484 presentis,
2427 1425 2535 1465 no-

293 1498 439 1581 ticie
494 1502 877 1585 reliquimus.
972 1506 1054 1569 Et
1067 1498 1118 1587 ²)
1187 1512 1255 1569 ut
1315 1525 1532 1571 omnes
1588 1505 1812 1570 horum
1865 1506 2223 1572 imitacione
2282 1509 2535 1590 regilius

295 1610 360 1670 et
405 1606 675 1673 dominis
722 1610 854 1674 suis
901 1610 1151 1676 discant
1196 1631 1451 1677 servare
1494 1612 1877 1695 fidelitatem,
1928 1632 2046 1677 nos
2093 1632 2203 1677 eos
2248 1615 2535 1677 omnihus

294 1710 630 1796 cujuslibet
674 1717 845 1781 urbis
894 1718 1133 1782 civibus
1181 1717 1502 1802 digniores
1539 1718 1902 1802 judicamus
1951 1724 2013 1784 et
2058 1719 2150 1784 eis
2195 1720 2535 1785 maximam

291 1820 496 1885 tocius
532 1819 788 1905 justicie
835 1822 1223 1908 dignitatem,
1276 1845 1465 1908 quam
1511 1824 1684 1910 apud
1729 1825 2213 1909 predecessores
2259 1847 2435 1893 meos
2479 1837 2535 1889 ct

290 1945 538 1992 mecum
581 1928 948 2012 habuerunt,
999 1930 1065 1994 in
1112 1936 1393 2011 eternum
1437 1931 1683 1995 firmam
1729 1932 2151 1996 concedimus,

542 2067 548 2072 ·
613 2035 877 2119 Signum
935 2036 1149 2102 domni
1194 2038 1476 2103 Heinrici
1534 2038 1738 2121 quarti
1785 2040 2210 2103 Romanorum
2267 2038 2531 2123 impera-

716 2144 871 2208 toris
917 2138 1451 2228 invic(M)tissimi.
1516 2140 1616 2227 (L.
1649 2138 1746 2227 S.)

611 2247 931 2314 Arnoldus
1007 2251 1147 2316 vice
1214 2250 1455 2315 Alberti
1522 2250 1876 2333 Maguntini
1943 2246 2402 2335 archiepiscopi
2475 2261 2535 2313 et

716 2344 1259 2422 archicancellarii
1303 2356 1686 2439 recognovit.

288 2458 459 2523 Data
498 2460 689 2525 XVII
718 2462 1031 2528 kalendas
1065 2463 1457 2545 Novembris,
1509 2462 1854 2527 indictione
1883 2463 1958 2544 V,
2008 2483 2175 2528 anno
2223 2462 2527 2537 dominice

288 2564 740 2633 incarnationis
787 2569 1119 2635 millesimo
1168 2570 1367 2652 CXII,
1419 2575 1724 2652 regnante
1770 2568 2069 2633 Heinrico
2113 2570 2168 2633 V
2214 2589 2366 2652 rege
2411 2573 2531 2633 Ru*

286 2692 615 2738 manorum
661 2695 827 2740 anno
861 2676 967 2759 VI,
1019 2676 1431 2741 ordinationis
1478 2675 1613 2739 eius
1659 2675 1806 2757 XII,
1857 2675 2104 2758 imperii
2148 2676 2269 2740 II.·
2303 2675 2527 2741 Actum

287 2784 387 2845 est
430 2781 959 2848 Franohenevort.
1029 2784 1106 2847 In
1153 2782 1402 2848 Christo
1447 2781 1712 2846 feliciter
1757 2801 1960 2845 amen.

378 2908 447 2959 Ex
485 2912 764 2973 autographo
804 2914 855 2959 in
894 2913 1117 2960 tabulario
1158 2914 1356 2960 civitatis
1387 2912 1736 2959 Wormatiensis
1781 2913 2029 2959 asservato.
2088 2911 2237 2969 Sigilli
2266 2912 2402 2958 inscri
2411 2917 2527 2973 ptis:

440 3017 442 3019 -
486 2998 527 3038 4-
573 2991 887 3039 nmmucvs
928 2976 991 3039 131
1033 2977 1153 3040 effi„
1184 2992 1561 3040 ROMANORVM
1592 2992 1674 3038 1111
1705 2976 1849 3038 nffpa
1879 2976 2017 3037 Αἶα.
2063 2989 2245 3035 mitum
2279 2991 2400 3050 apud
2435 2993 2527 3037 tm-

471 3069 908 3125 ritz‚Reichsst5.dte
934 3074 1039 3119 142.
1065 3073 1325 3129 Wfflckern,
1341 3072 1523 3118 Einleit.
1541 3074 1646 3117 322.
1678 3072 1905 3128 Ludewig,
1927 3071 2026 3116 Rel.
2043 3070 2099 3127 11,
2120 3071 2223 3116 180.
2251 3068 2527 3127 (Wolckcrn)

472 3148 600 3209 Βίης.
621 3150 855 3210 Norimbg.
879 3154 985 3200 366.
1024 3176 1074 3184 —
1109 3152 1321 3207 Bohmer‚
1353 3152 1537 3210 chest.
1559 3152 1698 3198 2024.
1746 3150 1930 3210 Stumps
1957 3151 2094 3197 3091.

282 3395 411 3467 82.
495 3390 885 3471 Heinricus
921 3392 1007 3471 V.
1052 3393 1330 3470 civibus
1367 3392 2016 3472 Wormatiensibus
2065 3391 2527 3490 privilegium

499 3516 618 3591 dat
655 3517 743 3593 de
781 3542 930 3594 non
970 3518 1449 3594 dissolvendis
1488 3518 1868 3615 conjugiiS‚
1926 3518 2015 3592 de
2062 3520 2228 3611 jure
2269 3517 2523 3591 haerc-

498 3640 755 3717 ditario
825 3648 1073 3718 mutuo
1132 3646 1554 3738 conjugum,
1626 3641 1715 3717 de
1783 3665 1932 3717 non
2003 3640 2523 3716 constituendis

497 3764 775 3842 civibus
814 3768 1060 3841 invitis
1104 3790 1324 3865 super
1361 3767 1780 3842 theloneum
1816 3766 2128 3858 navium,
2173 3765 2262 3839 de
2291 3765 2519 3839 thelo-

495 3914 636 3965 neo
656 3915 1065 3991 pannorum
1082 3891 1477 4002 laneorum.
1507 3897 1541 3966 1
1560 3897 1594 3965 1
1615 3896 1732 3982 14,
1748 3889 1813 3965 N
1818 3914 1933 3965 ov.
1959 3895 2079 3965 30.
2095 3888 2515 3973 wormacia

459 4040 526 4106 O.
597 4043 673 4107 In
728 4043 982 4108 nomine
1039 4047 1256 4123 sancte
1316 4047 1378 4106 et
1432 4040 1757 4139 individue
1814 4040 2129 4105 trinitatis,
2211 4040 2519 4105 Henricus

275 4144 498 4212 divina
562 4147 812 4214 favente
870 4147 1203 4214 clementia
1260 4148 1685 4212 Romanorum
1742 4147 2082 4230 imperator
2142 4153 2459 4228 augustus.
2503 4149 2519 4225 ss

457 4304 501 4365 ι)
539 4303 634 4356 sic.
660 4301 954 4371 legendum
994 4301 1238 4357 videtur:
1280 4316 1479 4370 „super
1514 4300 1667 4356 dicta
1701 4301 2026 4355 remissione
2059 4299 2313 4356 factam“.

452 4388 499 4455 ¹)
538 4389 731 4445 Omnia
767 4404 911 4459 quae
946 4395 1269 4459 sequuntur,
1306 4389 1415 4443 alia
1451 4389 1550 4444 sed
1588 4404 1799 4445 coaeva
1834 4405 1999 4444 manu
2035 4390 2242 4459 scripta
2277 4393 2423 4445 sunt.
