3209 5434
1770 526 1896 592 186

708 683 978 750 uberius.
1060 686 1198 751 Hoc
1253 686 1397 751 loco
1455 682 1773 751 sufficiant
1826 685 2006 751 haec.
2093 684 2327 750 Nostra
2382 684 2628 767 charta,
2693 704 2851 767 quae
2904 706 2941 749 a

705 792 1026 875 plerisque
1069 792 1223 858 viris
1271 792 1474 858 doctis
1520 826 1611 837 --
1656 793 1819 858 inter
1864 811 2025 875 quos
2073 798 2219 857 sunt
2248 791 2505 876 Stumpf
2524 796 2587 857 et
2614 792 2818 857 Waitz
2856 826 2940 835 —

707 898 924 982 spuria
968 898 1264 982 habetur,
1325 899 1604 983 genuina
1662 919 1805 967 esse
1860 899 2015 964 mihi
2068 898 2351 980 videtur3
2412 897 2527 962 sed
2581 897 2717 982 ejus
2762 904 2942 964 notae

705 1006 1192 1089 chronologicae
1247 1005 1424 1071 initio
1481 1026 1650 1071 saec.
1697 1005 1856 1089 XH,
1930 1027 2072 1071 cum
2128 1003 2456 1069 monachis
2512 1004 2941 1071 Sanblasianis

704 1113 1039 1197 plurimum
1085 1113 1434 1195 interesset,
1485 1118 1552 1177 ut
1597 1132 1781 1177 suum
1811 1112 2257 1178 monasterium
2289 1131 2479 1194 quam
2508 1109 2939 1177 vetustissimis

706 1220 1151 1303 imperatorum
1207 1219 1504 1284 institutis
1560 1220 1849 1285 libertate
1905 1220 2205 1285 donatum
2250 1238 2394 1284 esse
2440 1218 2803 1301 probarent,
2864 1217 2938 1282 ab

706 1326 799 1391 eis
847 1332 1176 1411 corruptae
1223 1332 1285 1391 et
1327 1326 1585 1392 vitiatae
1630 1333 1792 1391 sunt.

883 1486 1000 1551 No.
1039 1487 1141 1553 74.
1211 1488 1286 1552 In
1332 1487 1619 1569 margine
1665 1485 2046 1571 apographi,
2096 1506 2177 1551 ex
2222 1504 2348 1568 quo
2394 1504 2513 1568 ego
2559 1484 2724 1550 hanc
2772 1483 2938 1549 char·

704 1598 834 1657 tam
881 1591 1081 1677 edidi,
1143 1594 1397 1677 scripsit
1440 1615 1498 1658 v.
1547 1594 1624 1657 cl.
1672 1595 1897 1659 beatae
1942 1594 2283 1658 memoriae
2327 1590 2607 1675 Dflmge,
2660 1612 2731 1657 se
2778 1598 2937 1655 auto·

703 1700 1013 1783 graphum
1063 1698 1202 1778 (seu
1246 1684 1456 1784 potins
1505 1701 1705 1784 spurii
1751 1700 2114 1785 diplomatis
2172 1700 2498 1783 exemplar
2542 1696 2837 1783 primum)
2879 1698 2939 1763 in

702 1806 1013 1872 tabulario
1059 1807 1497 1873 Pruntrutensi
1555 1807 1843 1892 episcopi
1889 1807 2263 1872 Basiliensis
2320 1805 2576 1871 vidisse.
2655 1804 2938 1890 Spuriam

703 1919 911 1979 autem
958 1933 1101 1979 esse
1147 1914 1355 1998 ipsam
1400 1913 1683 1979 chartam
1728 1913 1933 1998 primo
1981 1913 2246 1996 quisque
2292 1918 2555 1997 aspectu
2597 1912 2789 1978 videt.

881 2073 999 2138 No,
1053 2074 1089 2139 7
1093 2073 1154 2137 5.
1252 2071 1670 2139 Observanda
1736 2079 1833 2138 est
1901 2054 2336 2139 comminatio:
2407 2070 2578 2155 quod
2645 2071 2702 2136 si
2772 2089 2938 2155 prae·

702 2179 1068 2263 sumpserit,
1127 2180 1342 2265 regiae
1386 2180 1686 2264 potestati
1733 2178 2097 2265 subjacebit.
2146 2179 2372 2271 *Cujus
2419 2178 2731 2244 sententia
2776 2176 2939 2243 haud

703 2285 891 2351 dubie
947 2285 1109 2351 haec
1167 2292 1290 2370 est,
1364 2293 1433 2351 ut
1492 2286 1785 2353 violatori
1847 2336 1878 2372 „
1895 2287 2109 2371 regiae
2165 2286 2407 2370 gratiae
2424 2280 2455 2314 “
2518 2285 2776 2370 jactura
2838 2284 2939 2350 de-

699 2393 1032 2459 nuntietur.

881 2553 998 2619 No.
1038 2554 1139 2619 77.
1233 2553 1526 2619 Notabile
1584 2558 1707 2636 est,
1766 2573 1895 2618 non
1956 2554 2159 2619 solum
2213 2553 2467 2619 testium
2521 2552 2807 2635 nomina,
2876 2556 2939 2616 ut

701 2680 898 2745 saepe
954 2660 1049 2743 fit,
1112 2660 1226 2726 sed
1285 2661 1474 2726 etiam
1530 2660 1862 2726 formulam
1921 2680 2166 2745 poenae
2225 2666 2373 2745 post
2417 2659 2937 2726 corroborationis

698 2767 1032 2837 formulam
1089 2768 1327 2851 scripta
1381 2787 1540 2833 esse.
1629 2768 1839 2832 Etiam
1896 2788 2375 2850 monogramma
2428 2774 2490 2832 et
2544 2768 2816 2851 sigillum
2875 2766 2938 2831 in

697 2873 840 2939 loco
887 2874 1140 2938 insolito
1186 2874 1397 2957 posita
1441 2880 1615 2955 sunt,
1662 2875 1769 2939 ubi
1814 2874 1882 2939 in
1928 2874 2163 2940 chartis
2210 2894 2379 2941 saec.
2414 2874 2514 2939 XI
2558 2894 2637 2939 ea
2679 2894 2807 2939 non
2850 2873 2936 2939 in-

698 2981 936 3046 venieS.
1005 2980 1098 3046 Cf.
1148 2981 1224 3046 N.
1258 2981 1365 3045 42.
1399 2981 1505 3065 43,
1539 3001 1687 3046 ann.

877 3142 994 3207 No.
1035 3142 1136 3205 78.
1208 3141 1392 3205 Hanc
1425 3139 1726 3223 chartam,
1777 3160 1941 3224 quae
1981 3139 2065 3207 ad
2095 3160 2297 3225 genus
2329 3140 2617 3206 brevium·
2656 3140 2934 3225 pertinet,

699 3267 829 3312 non
887 3248 1197 3331 integram
1251 3248 1435 3312 nobis
1495 3254 1935 3313 conservatam
1992 3268 2165 3331 esse,
2217 3246 2356 3332 jam
2402 3247 2696 3331 Gerbert,
2749 3249 2937 3330 Nigra

699 3353 877 3418 Silva
905 3355 1022 3436 III,
1056 3354 1142 3418 58
1177 3354 1518 3419 annotavit.
1590 3348 1759 3419 Petit
1789 3356 1956 3420 enim
1998 3375 2110 3420 rex
2142 3376 2182 3419 a
2212 3375 2383 3439 papa
2434 3360 2541 3439 „ut
2578 3353 2933 3438 praedictus

698 3460 1073 3525 Basiliensis
1133 3452 1509 3545 episcopus“
1573 3468 1964 3545 coerceatur,
2028 3462 2205 3547 cujus
2264 3467 2477 3526 tamen
2532 3466 2722 3525 antea
2777 3480 2934 3525 men·

697 3566 930 3631 tionem
991 3587 1119 3631 non
1170 3565 1336 3631 fecit.
1414 3567 1516 3632 De
1573 3568 1799 3635 eodem
1853 3569 2109 3654 negotio
2165 3574 2416 3653 praeter
2469 3587 2685 3650 regem
2746 3566 2933 3631 archi·

700 3674 1037 3757 episcopus
1082 3673 1517 3758 MoguntinuS,
1570 3677 1911 3761 episcopus
1958 3674 2307 3760 Spirensis,
2358 3674 2487 3739 dux
2532 3674 2934 3739 Bavariorum

699 3779 784 3845 ad
828 3800 1063 3865 papam
1109 3780 1514 3866 scripserunt,
1566 3802 1829 3864 quorum
1862 3782 2165 3868 epistulas
2200 3781 2537 3847 Gerbertus
2582 3783 2623 3846 l.
2658 3782 2723 3865 l.,
2774 3779 2933 3846 haud

700 3886 886 3952 dubie
934 3906 1015 3951 ex
1059 3892 1277 3951 nostro
1325 3888 1698 3972 apographo
1756 3895 1886 3954 tum
1942 3895 2089 3973 post
2134 3888 2371 3954 curiam
2417 3888 2932 3971 Argentinensem

699 3994 933 4079 scripto
994 3993 1208 4060 edidit.
1304 3996 1381 4059 In
1437 3994 1707 4059 Arnoldi
1763 3996 2081 4080 Spirensis
2152 3995 2435 4081 episcopi
2502 3997 2726 4062 litteris
2766 3996 2933 4060 haec

697 4102 892 4166 verba
921 4102 1224 4166 notabilia
1251 4101 1592 4166 habentur:
1635 4103 2101 4186 „cognovimus,
2141 4102 2312 4185 quod
2342 4103 2468 4169 duo
2501 4104 2830 4186 privilegia
2859 4100 2931 4165 de

700 4209 1127 4273 controversia
1174 4207 1444 4273 ecclesie
1475 4209 1849 4275 Basiliensis
1898 4215 1960 4275 et
2003 4210 2290 4277 coenobii
2322 4211 2386 4277 S.
2415 4210 2633 4284 Blasii,
2680 4210 2931 4274 alterum

703 4313 944 4379 scilicet
988 4316 1052 4380 S.
1087 4314 1290 4380 Blasii
1337 4314 1419 4380 de
1465 4316 1667 4381 libera
1708 4316 1834 4383 loci
1880 4319 1979 4383 sui
2024 4317 2494 4401 constitutione,
2546 4318 2807 4382 alterum
2850 4316 2931 4382 vi·

707 4417 935 4485 delicet
978 4421 1336 4488 Basiliense
1383 4442 1466 4489 ex
1511 4423 1772 4506 antiqua
1814 4424 2175 4507 traditione,
2237 4422 2535 4491 Heinrico
2580 4422 2929 4507 imperatori
