3209 5434
1770 480 1897 547 176

701 638 929 707 Ottone
983 640 1134 722 111.,
1195 638 1494 705 Heinrico
1553 638 1636 703 ΙΙ.
1653 689 1671 723 ,
1732 638 2027 705 Conrado
2084 638 2165 704 II.
2228 636 2481 721 regibus
2539 636 2662 700 illis
2722 633 2960 717 signis,

701 766 964 829 quorum
1010 766 1160 811 usus
1193 746 1512 811 obsoletus
1545 752 1697 828 erat,
1749 746 2003 811 omnino
2048 744 2409 809 cancellarii
2439 762 2565 807 non
2595 747 2865 805 utuntur
2881 735 2960 821 ¹);

699 854 937 917 nullum
1005 852 1226 917 horum
1295 872 1513 934 regum
1571 851 1855 935 diploma
1911 852 2119 917 adhuc
2174 850 2454 915 invenire
2510 847 2713 933 potui,
2776 844 2965 929 quod

701 958 809 1024 illo
858 959 1041 1041 signo
1077 964 1362 1023 ornatum
1394 964 1579 1023 esset.
1632 958 1932 1024 Heinrico
1966 978 2111 1023 vero
2144 958 2257 1022 ΙΙΙ.
2294 977 2461 1039 rege,
2512 975 2649 1019 cum
2684 975 2742 1017 a.
2774 953 2963 1017 1040

685 1064 1102 1131 ‘Eberhardus
1135 1064 1578 1129 cancellariam
1612 1064 2051 1130 administrare
2093 1064 2424 1147 coepisset,
2474 1063 2579 1127 ille
2608 1062 2725 1143 vir,
2774 1058 2963 1124 haud

701 1172 890 1237 dubie
947 1192 1128 1237 usum
1187 1170 1423 1236 saeculi
1481 1170 1711 1237 decimi
1767 1172 2073 1253 imitatuS,
2138 1169 2343 1235 denuo
2397 1167 2605 1233 versui
2662 1168 2961 1249 recogni-

699 1279 887 1344 tionis
935 1279 1121 1361 signa
1166 1277 1477 1360 quaedam
1525 1277 1762 1343 addere
1808 1279 2089 1343 instituit.
2165 1276 2344 1354 Quae
2382 1277 2566 1358 signa
2595 1275 2660 1338 in
2708 1274 2963 1356 aliquot

701 1385 934 1451 chartis
980 1392 1258 1450 veterum
1303 1385 1544 1449 formae
1591 1385 1825 1449 similia
1870 1391 2015 1450 sunt
2068 1380 2351 1467 (Stumpf
2390 1376 2618 1463 2233);
2678 1381 2748 1444 in
2806 1380 2960 1444 aliis

701 1492 883 1575 quasi
943 1492 1130 1555 turris
1186 1491 1396 1574 figura
1455 1490 1520 1554 in
1581 1490 1942 1581 diplomatis
2003 1490 2319 1573 effingitur
2376 1486 2657 1573 (Stumpf
2710 1482 2957 1570 2254);

700 1618 1172 1680 nonnumquam
1227 1598 1499 1680 denique
1556 1632 1643 1641 —
1699 1598 1789 1661 ita
1834 1619 1892 1662 v.
1940 1618 2000 1680 g.
2046 1597 2113 1661 in
2158 1596 2310 1680 dipl.
2359 1596 2615 1679 Stumpf
2636 1596 2815 1659 2207
2869 1627 2962 1644 —--

700 1702 1105 1770 Eberhardus
1164 1705 1347 1786 signo
1409 1724 1639 1769 nomen
1695 1724 1874 1769 suum
1934 1700 2529 1785 (EBERHARDVS
2585 1701 2960 1767 CANCEL-

701 1806 1038 1893 LARIVS)
1085 1831 1198 1893 per
1229 1809 1389 1875 duas
1433 1810 1637 1875 lineas
1673 1831 1836 1893 quae
1868 1811 2240 1894 diagonales
2271 1815 2573 1875 vocantur
2604 1808 2955 1891 inscripsit.

703 1918 1117 1984 Successores
1173 1916 1552 1997 Eberhardi,
1622 1916 2003 2001 Adelgerus,
2066 1914 2524 1999 Theodericus,
2586 1916 2959 1981 Hartwicus

704 2024 839 2110 ejus
888 2025 1246 2107 exemplum
1291 2023 1514 2088 imitati
1561 2030 1734 2107 sunt3
1794 2024 2204 2090 Winitherius
2266 2030 2473 2088 autem
2518 2025 2625 2106 qui
2670 2022 2827 2087 inde
2877 2021 2958 2085 ab

703 2152 871 2197 anno
923 2132 1092 2196 1048
1141 2131 1558 2196 cancellariae
1603 2137 1922 2215 praeerat,
1989 2131 2286 2196 novitatis
2336 2129 2677 2213 cupiditate
2727 2129 2958 2194 ductus

703 2239 767 2303 in
817 2238 1054 2320 aliquot
1099 2236 1492 2321 diplomatis,
1553 2258 1718 2320 quae
1762 2238 1902 2320 ipse
1948 2238 2397 2321 recognovisse
2442 2236 2686 2301 videtur
2735 2231 2823 2319 (v.
2861 2256 2954 2319 gr.

704 2343 962 2427 Stumpf
999 2345 1192 2408 2370.
1245 2345 1438 2409 2409.
1492 2342 1730 2427 2441),
1793 2345 1979 2427 signa
2022 2345 2343 2427 formavit,
2406 2343 2637 2409 similia
2684 2343 2959 2407 duarum

703 2453 914 2533 legum
959 2451 1343 2533 tabularum,
1395 2451 1639 2533 quibus,
1688 2457 1756 2515 ut
1801 2451 2216 2516 eruditionem
2260 2456 2651 2532 monstraret,
2702 2450 2957 2532 graecis

704 2557 925 2623 litteris
968 2557 1314 2640 inscripsit:
1366 2552 1633 2623 ΥΔΕΑ
1668 2553 2267 2623 ΥΥΥΝΙΘΕΡΥΥ
2300 2542 2955 2637 ΕΑΝΟΕΛΑΡΥΥ,

704 2662 772 2728 id
833 2668 960 2728 est:
1021 2663 1178 2728 Idea
1234 2650 1592 2728 Winitherii
1652 2666 2013 2730 cancellani
2028 2658 2095 2748 ²)
2190 2666 2425 2731 Postea
2480 2663 2780 2729 Heinrico
2842 2663 2954 2728 IV.

705 2790 856 2853 rege
901 2770 1057 2834 talia
1103 2771 1289 2853 signa
1333 2771 1536 2835 rarius
1583 2779 1948 2856 occurrunt,
2012 2780 2077 2837 at
2131 2793 2208 2837 ea
2254 2792 2383 2837 non
2429 2773 2619 2856 plane
2663 2769 2958 2834 obsoleta

707 2898 881 2961 esse,
941 2884 1160 2941 nostra
1215 2877 1433 2941 charta
1493 2877 1706 2961 docet,
1767 2878 1833 2942 in
1891 2898 2018 2961 qua
2070 2863 2507 2968 Eberhardus
2506 2858 2955 2943 cancellarius

707 2984 958 3067 signum
1018 2990 1079 3049 et
1133 2983 1344 3048 ideam
1388 2984 1746 3049 Winitherii
1804 2986 2081 3050 imitatus
2138 2992 2251 3051 est.
2325 2962 2717 3050 Postremum
2766 2982 2954 3065 hujus

706 3091 798 3156 rei
854 3094 1208 3174 exemplum
1265 3091 1418 3155 mihi
1473 3098 1689 3156 notum
1749 3092 2079 3175 praeberet
2150 3093 2368 3156 charta
2434 3090 2690 3173 Stumpf
2751 3090 2950 3171 3006,

707 3198 886 3283 cujus
933 3198 1116 3280 signo
1161 3198 1406 3263 litterae
1434 3197 1881 3264 ALBERTVS
1924 3198 2563 3264 CANOELLARIVS
2609 3197 2954 3280 inscriptae

709 3293 870 3386 sunt,
919 3303 1043 3367 nisi
1089 3303 1274 3388 hujus
1321 3303 1683 3388 diplomatis
1731 3304 1889 3370 fides
1938 3305 2125 3370 valde
2172 3312 2469 3388 suspecta
2514 3309 2697 3369 esset.

887 3410 1149 3475 Praeter
1193 3409 1313 3474 hoc
1360 3411 1627 3494 signum,
1678 3417 1823 3494 post
1866 3432 2117 3477 versum
2158 3410 2606 3495 recognitionis
2655 3410 2949 3493 positum,

709 3517 774 3581 in
821 3515 1182 3600 diplomatis
1223 3516 1663 3581 Heinricorum
1693 3518 1809 3582 III.
1845 3518 1951 3581 IV.
1989 3519 2060 3582 V.
2097 3517 2271 3582 aliud
2316 3518 2585 3583 occurrit
2628 3512 2952 3599 („signum

710 3617 1024 3707 speciale“
1061 3629 1292 3688 vocant
1332 3622 1603 3688 editores
1635 3624 2177 3689 Monumentorum
2208 3622 2589 3706 Boicorum),
2638 3630 2785 3707 post
2814 3643 2953 3687 ver·

711 3750 849 3795 sum
894 3730 1449 3813 monogrammatis
1497 3729 1905 3813 delineatum,
1969 3729 2138 3812 quod
2194 3751 2274 3795 ex
2320 3730 2563 3795 duabus
2610 3729 2831 3794 litteris
2884 3726 2948 3792 Μ

711 3842 774 3901 et
821 3834 868 3901 R
920 3836 1333 3919 compositum
1388 3842 1486 3900 est
1539 3856 1618 3901 ac
1664 3837 1803 3902 sine
1858 3836 2047 3916 dubio
2094 3838 2405 3903 vocabula
2456 3853 2685 3921 „manu
2729 3829 2943 3918 regia“

889 4028 931 4094 ²)
980 4025 1208 4096 Signum
1255 4027 1494 4096 speciale
1542 4026 1691 4095 quod
1740 4028 1797 4081 in
1842 4027 1973 4097 dipl.
2012 4026 2239 4097 Stumpf
2270 4028 2408 4083 1053
2444 4027 2677 4082 inveniri
2713 4026 2951 4081 editores

709 4114 855 4170 Mon.
881 4115 1034 4169 Boic.
1061 4115 1301 4170 XXVIII
1316 4123 1354 4184 ⁸,
1391 4116 1498 4170 263
1535 4115 1891 4183 contendunt,
1930 4116 2106 4171 simile
2142 4114 2351 4171 formae
2386 4118 2439 4184 8,
2477 4116 2609 4170 nihil
2646 4116 2752 4169 nisi
2787 4115 2954 4168 inter·

709 4203 1022 4271 punctionis
1058 4217 1201 4271 quae
1237 4202 1436 4257 dicitur
1471 4206 1604 4257 nota
1642 4208 1744 4257 est.
1887 4204 1930 4272 ²)
1968 4203 2225 4273 Effigiem
2260 4205 2396 4259 satis
2421 4208 2733 4259 accuratam
2761 4202 2957 4257 videas

711 4290 768 4343 in
804 4289 990 4359 Hofer,
1028 4289 1338 4345 zeitschrift
1372 4288 1459 4344 fiir
1495 4291 2085 4347 Archivwissenschaft
2120 4294 2201 4362 Π,
2240 4294 2363 4349 534.
2419 4292 2571 4358 Quae
2607 4293 2643 4346 l.
2670 4292 2704 4347 1.
2740 4291 2811 4346 de
2846 4289 2957 4345 hoc

711 4376 871 4446 signo
908 4378 1170 4447 disputat,
1208 4395 1317 4433 non
1352 4379 1514 4447 plane
1551 4385 1701 4433 recte
1736 4395 1796 4435 se
1834 4380 2055 4435 habent.

735 4552 755 4585 l
809 4572 812 4575 .
