3209 5434
1343 520 1429 586 83

263 759 387 840 6'1.
472 764 862 841 Heinricus
910 764 962 840 Ι.
1033 790 1165 841 rex
1233 766 1587 843 ecclesiae
1659 766 2271 864 wirciburgensi,
2349 769 2499 867 epi-

475 912 699 989 scopo
760 889 1143 983 Thiotone,
1204 891 1557 966 decimam
1612 892 1882 984 tributi,
1951 914 2136 989 quae
2193 891 2282 966 de
2336 916 2501 991 par—

474 1014 665 1090 tibus
724 1016 1181 1090 orientalium
1233 1015 1683 1091 Francorum
1749 1017 1869 1091 vel
1932 1016 2022 1090 de
2081 1015 2355 1092 Sclavis
2415 1017 2501 1093 ad

472 1138 726 1214 fiscum
810 1140 1251 1216 dominicum
1332 1142 1702 1216 annuatim
1791 1141 2115 1239 persolvi
2206 1140 2501 1233 solebat

475 1262 715 1339 donat.
808 1269 982 1357 923,
1040 1265 1251 1364 April
1291 1272 1360 1343 8.
1450 1265 2053 1362 Quitilingoburg.
2142 1258 2343 1359 Lis
2300 1273 2410 1314 (κ-

438 1421 654 1488 O.1n
686 1425 939 1489 nomine
977 1431 1236 1491 sanctae
1282 1432 1343 1491 et
1386 1425 1751 1490 individuae
1781 1425 2096 1490 trinitatis.
2169 1425 2499 1491 Heinricus

258 1528 476 1595 divina
521 1530 771 1597 favente
819 1533 1151 1616 clementia
1196 1553 1324 1597 rex.
1409 1533 1715 1615 Regalem
1772 1532 2210 1598 celsitudinem
2257 1541 2503 1617 oport-et

256 1643 730 1704 antecessorum
776 1659 1029 1704 suorum
1072 1640 1183 1723 pia
1224 1639 1395 1704 sacta
1440 1660 1566 1705 non
1615 1641 1818 1705 solum
1863 1640 2307 1705 inviolabiliter
2353 1660 2495 1705 cona

257 1762 541 1828 servare,
600 1767 819 1811 verum
874 1748 1064 1811 etiam
1104 1748 1133 1824 ΙΙ
1175 1747 1544 1812 auctoritate
1600 1766 1718 1812 sua
1773 1747 2064 1812 alacriter
2110 1746 2495 1811 confirmare.

256 1851 535 1917 Proinde
583 1855 826 1919 noverit
872 1855 1148 1919 omnium
1193 1853 1472 1919 fidelium
1504 1860 1862 1919 nostrorum
1908 1853 2335 1939 praesentium
2382 1853 2499 1919 sci-

256 1958 408 2023 licet
454 1966 518 2025 et
560 1959 906 2026 futurorum
950 1961 1288 2044 industria,
1347 1961 1497 2044 quia
1544 1962 1926 2027 venerabilis
1975 1961 2314 2045 episcopus
2360 1980 2495 2025 aec-

257 2065 494 2131 clesiae
538 2068 1070 2151 Wirciburgensis
1116 2068 1345 2133 Thioto
1392 2074 1791 2151 nuncupatus
1846 2068 2078 2133 nostris
2128 2067 2350 2132 obtulit
2396 2069 2499 2133 ob-

257 2174 494 2239 tutibus
543 2175 857 2256 quaedam
903 2182 1373 2241 antecessorum
1417 2182 1773 2240 nostrorum
1817 2181 2187 2259 praecepta,
2245 2174 2499 2258 Pippini

255 2279 569 2365 videlicet,
598 2268 1073 2366 Karolomanni,
1101 2282 1461 2348 Hludowici
1494 2289 1682 2365 atque
1706 2281 1949 2347 Arnolfi
1980 2301 2227 2348 necnon
2254 2280 2499 2346 Chuon-

169 2416 204 2446 ιο
254 2386 397 2453 radi
441 2408 659 2473 regum
708 2396 898 2473 atque
930 2390 1406 2474 imperatorum.
1479 2391 1554 2455 In
1590 2389 1817 2473 quibus
1850 2389 2301 2471 continebatur,
2352 2408 2499 2471 quaa

254 2493 399 2559 liter
453 2496 579 2579 ipsi
632 2516 748 2582 pro
810 2516 964 2562 suae
1021 2497 1331 2563 mercedis
1390 2502 1728 2580 augmento
1784 2496 1868 2561 ad
1915 2496 2244 2562 basilicam
2297 2497 2497 2561 sancti

257 2603 611 2685 salvatoriS,
663 2603 769 2668 ubi
815 2609 1071 2669 sanctus
1120 2606 1413 2669 Kilianus
1453 2604 1672 2668 martir
1703 2602 1936 2668 Christi
1965 2603 2332 2687 praeciosus
2367 2621 2495 2667 cor-

255 2728 411 2793 pore
440 2710 795 2793 requiescit,
845 2710 1157 2776 decimam
1200 2711 1431 2793 tributi,
1483 2731 1648 2793 quae
1679 2710 1759 2776 de
1789 2711 2074 2795 partibus
2108 2710 2499 2776 orientalium

254 2816 646 2882 Francorum
704 2818 807 2883 vel
862 2818 943 2884 de
1003 2818 1250 2884 Sclavis
1313 2816 1397 2883 ad
1454 2818 1678 2883 fiscum
1736 2817 2120 2883 dominicum
2179 2817 2495 2882 annuatim

254 2923 617 3008 persolvere
673 2925 990 3009 solebant,
1054 2946 1216 3008 quae
1274 2924 1624 2990 secundum
1676 2925 1926 2990 illorum
1978 2925 2258 3008 linguam
2305 2924 2499 2989 stiur-a

254 3030 357 3094 vel
406 3032 853 3116 ostarstuopha
898 3039 1174 3116 vocatur,
1224 3039 1292 3096 ut
1339 3032 1418 3097 de
1465 3032 1573 3097 illo
1606 3033 1834 3098 tributo
1882 3033 2016 3097 sive
2062 3031 2268 3096 reditu
2312 3033 2495 3096 annia

256 3137 521 3220 singulis
568 3159 719 3223 pars
752 3139 998 3205 decima
1040 3139 1123 3204 ad
1153 3139 1545 3223 praedictum
1574 3139 1784 3204 locum
1833 3139 2312 3222 persolveretur,
2364 3138 2495 3203 sivo

254 3243 320 3308 in
364 3246 581 3328 melle,
642 3246 777 3311 sive
833 3247 898 3311 in
944 3248 1249 3331 paltenis,
1312 3265 1424 3311 seu
1477 3246 1542 3310 in
1589 3246 1719 3311 alia
1772 3247 2049 3328 qualibet
2104 3243 2491 3325 redibitione,

255 3371 418 3434 quae
476 3358 541 3416 ut
600 3352 873 3419 diximus
933 3354 1013 3419 de
1060 3355 1244 3439 pagis
1306 3353 1702 3456 orientalium
1748 3353 2135 3418 Francorum
2181 3351 2495 3436 persolve*

255 3457 467 3522 batur:
526 3458 594 3523 id
650 3465 747 3525 est
806 3460 886 3525 de
938 3481 1106 3544 pago
1153 3460 1514 3526 Waldsazzi
1573 3466 1636 3525 et
1694 3459 1774 3525 de
1830 3460 2016 3544 pagis
2076 3460 2491 3543 Tubargowe,

255 3565 780 3649 Wingartweiba,
829 3568 1246 3652 Jagasgowe,
1295 3567 1727 3650 Mulahgowe,
1778 3551 2245 3674 Nsshargowe‚
2293 3565 2495 3631 choh-

253 3671 596 3756 hangowe,
656 3674 1014 3758 Rangowe‚
1064 3675 1421 3759 Iphigowe‚
1471 3676 1863 3757 Hasagowe,
1917 3673 2250 3757 Grapfeld‚
2300 3675 2491 3739 Tulli-

254 3778 416 3862 veld,
468 3780 808 3863 Salagevyi,
860 3781 1140 3864 Gozseld,
1192 3781 1666 3864 Badanacgevvi
1713 3779 1898 3845 dictis
1950 3786 2032 3848 et·
2057 3779 2369 3846 decimam
2415 3781 2491 3845 {le

253 3884 424 3951 fiscis
470 3885 803 3952 dominicis
851 3887 919 3951 id
966 3894 1063 3952 est
1108 3887 1187 3954 de
1232 3887 1674 3971 Ingilunheim,
1726 3887 2002 3952 Riotseld
2047 3888 2113 3952 in
2146 3890 2487 3971 Rangewe,

255 3992 628 4058 Ruodeshof
664 3994 728 4057 in
776 3993 1165 4059 Volcveldon
1182 4045 1198 4079 ,
1258 3996 1326 4060 in
1382 3994 1778 4060 Orucinacha
1834 4001 1895 4059 et
1940 3995 2254 4060 Neristein
2269 4043 2285 4075 ,
2348 3994 2487 4060 Om-

253 4106 607 4183 muntestat,
654 4100 941 4181 Albsteti,
977 4100 1526 4185 Chuninge'shova,
1562 4099 2084 4183 Sunderunhova,
2121 4099 2487 4185 Gollehova,

252 4206 642 4291 Berenheim‚
694 4208 1089 4291 Ikilenheim‚
1133 4207 1671 4290 Wielantesheim,
1716 4206 2044 4289 Rumveld‚
2097 4206 2491 4273 Govunheim

250 4314 315 4378 in
348 4315 731 4399 Gozveldon,
782 4322 844 4381 et
873 4315 1420 4399 Brozzoltesheim,
1467 4306 1932 4410 Halazzestasslt,
1983 4314 2049 4378 in
2081 4315 2491 4397 Ratinzgowe

252 4420 806 4508 Chuningeshove,
868 4424 1015 4489 item
1063 4423 1593 4507 Chuningeshove
1653 4428 1720 4489 et⁴
1761 4421 1906 4490 Salz
1920 4472 1937 4505 ,
1987 4422 2487 4505 Hamulunburg,

1958 4524 2041 4579 64}
