3209 5434
1805 462 1891 527 98

727 618 964 684 domini
1007 619 1207 685 nostri
1236 620 1277 685 J
1280 639 1392 685 esu
1405 614 1453 701 ¹)
1486 619 1720 686 Christi
1749 619 2020 703 MXXV,
2069 639 2236 685 anno
2281 638 2432 709 vero
2469 616 2684 685 domni
2713 616 2958 684 Ghuon-

725 725 865 791 radi
910 725 1172 791 secundi
1218 726 1541 810 regnantis
1587 727 1638 791 I.
1709 727 1940 793 Actum
1983 726 2276 792 Triburii.
2348 725 2644 791 Feliciter
2687 744 2894 791 amen.

816 856 885 904 Ex
914 856 1037 903 Mon.
1056 858 1211 904 Boicis
1230 857 1373 905 XXIX
1384 863 1421 913 ⁸,
1454 858 1528 903 14.
1584 858 1928 918 Autographum
1969 860 2228 905 asservatur
2267 858 2316 905 in
2357 856 2558 904 archivio
2589 855 2871 903 Monacensi.
2911 876 2954 887 -

909 937 1121 993 Bohmer,
1151 936 1263 995 Reg.
1282 938 1393 997 imp.
1418 938 1553 985 1286.
1601 937 1788 999 Stumpf
1815 939 1951 986 1888.
2001 938 2232 994 Bresslau‚
2264 937 2451 983 Kanzlei
2482 936 2690 983 Komds
2721 936 2779 992 Π,
2812 934 2867 981 R.
2891 934 2957 980 35.

655 1182 703 1239 s
731 1164 853 1236 69.
889 1205 894 1212 ·
942 1158 1315 1236 Conradus
1350 1160 1434 1236 Π.
1474 1162 1873 1262 imperator
1926 1165 2293 1259 diplomate
2325 1168 2565 1258 spurio
2611 1159 2956 1237 ecclesiae

938 1284 1530 1382 Wirziburgcnsi,
1598 1288 1949 1385 episcopo
2004 1284 2498 1382 MeginhardO,
2554 1284 2955 1360 immunita-

938 1416 1086 1485 tem
1137 1436 1273 1511 per
1326 1415 1554 1487 totum
1594 1411 1931 1486 ducatum
1985 1412 2356 1487 orientalis
2393 1410 2449 1486 F
2452 1410 2745 1486 ranciae
2787 1431 2956 1518 con-

937 1536 1192 1611 firmat.
1287 1541 1514 1629 1032,
1566 1535 1735 1611 Jun.
1784 1542 1853 1611 6.
1925 1536 2369 1631 Merseburg.

903 1694 972 1761 C.
1040 1696 1117 1760 In
1162 1695 1415 1761 nomine
1460 1702 1681 1761 sancte
1727 1702 1790 1761 et
1832 1696 2157 1761 individue
2201 1695 2514 1761 trinitatis.
2587 1693 2957 1760 chunradus

724 1802 942 1867 divina
996 1800 1249 1867 favente
1305 1803 1639 1867 clementia
1692 1804 2117 1869 Romanorum
2177 1804 2518 1887 imperator
2573 1794 2955 1885 augustus2).

724 1909 796 1975 Si
839 1909 1254 1993 peticionibus
1302 1909 1699 1974 sacerdotum
1729 1909 1851 1974 Dci
1897 1909 1977 1975 de
2008 1909 2126 1993 his,
2177 1929 2298 1993 que
2343 1909 2427 1975 ad
2459 1910 2605 1974 loca
2641 1910 2674 1986 ΙΙ
2713 1914 2958 1974 sancto-

722 2036 860 2081 rum
905 2016 1079 2101 juste
1114 2016 1484 2099 pertinent,
1555 2016 1788 2081 nostris
1849 2017 2104 2082 auribus
2161 2018 2422 2102 prolatis
2480 2015 2957 2099 acquiescimu8‚

722 2126 963 2208 regiam
1038 2124 1557 2189 consuetudinem
1625 2144 1990 2190 exercemus
2067 2123 2340 2207 hincque
2415 2130 2478 2190 et
2551 2123 2960 2207 temporalem

724 2232 905 2314 regni
963 2231 1165 2296 nostri
1228 2220 1715 2315 prosperitatem
1781 2232 2046 2296 stabiliri
2115 2237 2449 2313 eterneque
2514 2231 2640 2311 vite
2696 2229 2960 2315 januam

722 2338 907 2401 nobis
955 2336 1185 2420 aperiri
1232 2336 1563 2401 credimus.
1635 2336 2032 2421 Quapropter
2075 2339 2352 2403 omnium
2395 2335 2676 2402 fidelium
2719 2342 2961 2401 nostro-

724 2464 862 2509 rum
900 2443 1253 2527 praesentis
1291 2443 1395 2509 vel
1423 2443 1626 2521 future
1660 2438 1889 2528 [etatis]
1904 2438 1953 2526 ³)
1984 2450 2200 2528 pateat
2231 2445 2476 2527 noticie,
2524 2444 2696 2527 quod
2724 2441 2960 2527 Megin·

722 2549 961 2615 hardus
1008 2550 1537 2635 Wirziburgensis
1585 2550 1847 2632 ecclesie
1903 2551 2282 2617 venerabilis
2340 2551 2597 2636 praesul
2653 2550 2961 2634 quasdam

726 2657 997 2722 cartulas
1043 2658 1275 2721 nostris
1322 2658 1543 2723 obtulit
1588 2658 2062 2741 conspectibus,
2123 2658 2188 2723 in
2235 2659 2459 2741 quibus
2507 2658 2956 2737 continebatur,

726 2762 897 2844 quod
942 2762 1381 2844 gloriosissimi
1430 2758 1912 2847 antecessoris⁴)
1958 2766 2158 2830 nostri
2211 2772 2342 2830 tam
2385 2784 2574 2848 regesv
2616 2785 2809 2848 quam
2855 2764 2959 2828 im-

724 2874 1077 2954 peratores,
1128 2869 1435 2952 Karolus,
1484 2863 1895 2954 Lfidowicus,
1945 2871 2276 2955 Arnolfus,
2327 2871 2701 2937 Chunradus
2716 2922 2733 2955 ,
2793 2872 2960 2935 Hen-

725 2976 911 3058 ricus,
960 2982 1213 3058 tresque
1259 2975 1539 3060 Ottones,
1589 2962 1944 3061 Heinricus,
2001 2978 2144 3060 dive
2189 2978 2485 3059 memorie
2529 2979 2957 3062 imperatoreS,

726 3088 985 3148 cunctas
1030 3102 1133 3147 res
1179 3089 1308 3148 tam
1353 3085 1635 3167 mobileS,
1687 3105 1876 3167 quam
1915 3086 2246 3151 inmobiles
2278 3085 2363 3151 ad
2393 3086 2728 3167 ecclesiam
2757 3081 2962 3149 sancti

726 3190 1078 3272 salvatoriS,
1128 3190 1194 3254 in
1241 3210 1367 3273 qua
1412 3192 1737 3275 preciosus
1769 3191 2003 3257 Christi
2046 3200 2284 3278 martyr
2319 3193 2636 3277 Kylianus
2683 3191 2960 3274 sociique

726 3296 862 3379 ejus
920 3296 1329 3377 corporaliter
1392 3298 1820 3381 requiescunt,
1881 3298 2056 3384 juste
2115 3310 2177 3365 et
2232 3300 2520 3383 legaliter
2579 3291 2958 3385 pertinentes

726 3402 842 3466 sub
890 3402 1295 3466 immunitatis
1343 3422 1452 3483 sue
1499 3405 1726 3489 clypeo
1773 3412 2108 3472 tuerentur.
2182 3406 2287 3470 Ad
2331 3406 2453 3473 hoc
2499 3407 2690 3472 etiam
2735 3406 2800 3470 in
2845 3404 2960 3469 eis-

728 3507 872 3573 dem
928 3508 1182 3573 cartulis
1230 3509 1530 3593 scriptum
1586 3510 1958 3596 habebatur,
2021 3512 2191 3595 quod
2245 3513 2554 3597 praedicti
2597 3532 2781 3595 reges
2829 3512 2960 3577 sive

723 3616 1135 3700 imperatores
1181 3617 1565 3682 auctoritatis
1623 3638 1733 3699 sue
1779 3620 2095 3704 preceptis
2147 3620 2430 3704 praefate
2475 3606 2740 3701 ecclesie
2783 3637 2959 3703 prae-

727 3724 966 3788 sulibus
1014 3723 1481 3788 concessissent
1524 3729 1585 3787 et
1631 3725 2138 3808 confirmassent,
2187 3732 2255 3791 ut
2296 3728 2506 3792 nullus
2553 3726 2701 3809 dux,
2753 3743 2960 3791 comes

725 3830 830 3895 vel
884 3830 1238 3916 vicecomes
1294 3831 1395 3894 vel
1446 3831 1575 3894 ulla
1619 3832 1896 3913 qualibet
1930 3832 2312 3917 juridicialis
2360 3854 2636 3918 persona
2680 3832 2962 3919 ejusdem

726 3935 993 4017 ecclesie
1040 3956 1255 4002 servos
1302 3937 1405 4002 vel
1449 3937 1719 4001 Sclavos‘
1761 3940 1896 4004 sive
1947 3940 2262 4023 parachos
2277 3936 2356 4023 ⁵),
2419 3961 2576 4024 quos
2628 3939 2962 4023 bargildon

727 4043 971 4127 dicunt,
1022 4064 1135 4109 seu
1180 4044 1498 4126 Saxones,
1549 4063 1707 4127 quos
1753 4046 2188 4131 Nordelbinga
2231 4054 2491 4131 vocant,
2541 4047 2678 4114 sive
2722 4054 2961 4131 ceteros

906 4286 947 4347 ι)
984 4285 1156 4339 Jhesu
1196 4287 1339 4340 Mon.
1370 4286 1520 4341 Boic.
1617 4287 1661 4352 ²)
1699 4288 1806 4342 huc
1842 4305 2016 4358 usque
2039 4289 2254 4344 litterae
2281 4289 2628 4361 oblongatae.
2723 4290 2770 4356 ⁸)
2806 4288 2965 4345 deest

727 4370 783 4423 in
820 4377 932 4425 aut.
1039 4374 1081 4437 ⁴)
1120 4373 1215 4425 sic.
1252 4374 1286 4428 l.
1326 4379 1722 4429 antecessores,
1831 4378 1874 4443 ⁵)
1911 4378 2010 4431 sic.
2047 4378 2081 4431 l.
2119 4378 2408 4448 parochos.
